1643 2812
258 170 353 220 136

253 270 355 324 get.
395 256 595 304 Videtur
629 264 787 302 tamen
825 272 878 302 ea
913 271 1007 304 vox
1048 272 1156 302 cum
1193 264 1411 324 sequente
1459 267 1601 308 uzet-

256 343 629 403 ferruminanda„
645 353 698 390 ut
712 342 823 391 inde
844 344 924 391 fiat
949 361 1040 391 una
1060 361 1151 395 vox
1169 355 1454 410 angetuzet‚
1475 362 1570 394 non

252 434 377 478 enim
414 433 535 478 inter
571 429 682 476 haec
713 437 947 493 punctum
972 428 1225 478 intercedit
1249 432 1298 478 in
1319 429 1482 480 tabula
1499 431 1571 497 ip-

253 537 299 567 sa
337 536 497 574 aerea,
544 533 684 582 quam
722 516 1062 564 consuluimus.

391 603 626 650 ATRVD
651 603 747 671 (1).
790 601 1036 671 Integrane
1089 622 1181 654 vox
1208 643 1222 667 ,
1261 624 1320 653 an
1366 604 1534 653 mutila
1556 642 1570 667 ,

253 693 508 740 incertum.
549 689 786 757 Inte-,gram
823 692 1025 757 optarim
1045 693 1225 757 potius,
1253 692 1383 758 quod
1405 694 1444 742 si
1473 692 1572 741 col-

254 777 432 836 lineat,
475 775 705 844 gignendi
736 794 869 826 casus
906 779 993 824 erit
1027 795 1194 844 graeco
1240 796 1373 828 more
1420 781 1576 828 termi-

255 874 388 911 natus
421 864 518 909 noti
555 861 775 913 adiectivi
810 875 941 911 ater.

394 950 527 997 AVT
549 950 643 1015 (2)
675 950 823 998 Notae
851 969 945 1000 vox
964 952 1317 1017 significationis
1337 950 1468 1020 apud
1489 954 1578 1002 La·

256 1039 377 1085 tinos
408 1076 419 1097 ‚
460 1035 520 1083 de
556 1055 650 1102 qua
685 1038 754 1085 nil
789 1055 904 1103 opus
962 1036 1096 1104 plura
1144 1037 1318 1087 dicere.
1360 1038 1576 1090 Fortasse

260 1123 475 1172 eiusdem
508 1126 747 1190 potestatis
783 1142 835 1171 ac

399 1211 530 1257 AVT
537 1211 559 1256 I
597 1211 692 1277 (3)
732 1212 841 1270 Quo
875 1212 925 1259 in
956 1212 1107 1260 casuI
1129 1229 1410 1266 επιτακτικον
1434 1235 1576 1283 repu—

259 1295 459 1344 tandum
494 1297 631 1344 foret.
673 1296 772 1345 Sed
806 1315 918 1347 vero
955 1298 1092 1348 valde
1141 1301 1297 1350 simile
1348 1304 1576 1363 videtur,

260 1393 550 1451 postremam
574 1385 695 1432 hanc
732 1402 897 1434 vocem
947 1383 1160 1433 adverbii
1210 1388 1278 1435 ibi
1313 1389 1410 1437 vim
1444 1407 1579 1456 posse

261 1472 494 1519 obtinere.

880 1682 960 1757 Β.

399 1889 653 1938 BANSAE
693 1889 786 1956 (4)
825 1891 960 1951 Quae
1013 1892 1155 1941 hodie
1208 1897 1375 1947 Banzi
1408 1935 1422 1956 ‚
1459 1896 1573 1945 olim

264 1977 446 2027 Banzcz
470 2014 482 2036 ,
523 1995 575 2025 ea
603 1978 778 2027 Banze
798 1995 983 2045 quoque
1001 1979 1134 2026 audit
1151 1981 1275 2044 apud
1295 1982 1575 2041 Ostiensen13

261 2065 416 2113 variae
453 2062 672 2112 videlicet
709 2065 838 2112 vocis
875 2066 1014 2112 unius
1060 2066 1240 2115 Bansa
1276 2069 1572 2120 inflexiones.

263 2149 350 2197 Est
389 2159 545 2198 autem
580 2153 760 2200 Bansa
795 2159 929 2201 vetus
965 2152 1264 2203 Lucanorum
1299 2155 1532 2223 oppidum
1559 2194 1575 2218 ,

371 2341 438 2395 (ι)
455 2341 546 2383 Lin.
570 2339 639 2393 24.
671 2341 734 2396 (2)
756 2342 846 2386 Liu.
863 2355 934 2385 20.
956 2340 1024 2399 (3)
1043 2342 1134 2387 Lin.
1153 2341 1194 2385 6.
1218 2341 1286 2397 24.
1308 2342 1372 2399 (4)
1391 2342 1561 2389 Limss.
