1643 2812
259 178 351 232 331}

251 257 420 307 leviter
455 258 627 305 norint.
669 258 794 305 Nam
830 264 1014 321 praeter
1050 271 1194 319 quam
1228 255 1363 320 quod.
1398 255 1448 302 in
1483 254 1569 302 hac
1638 263 1640 304 ἶ

254 346 466 394 Tabulae
491 355 622 410 parte
647 361 783 395 voces
804 343 998 390 omnino
1022 359 1168 389 novae
1196 349 1451 389 occurrunt
1467 341 1566 407 ple-

250 447 422 498 raeque
459 432 731 487 inauditae3
773 448 894 479 nova
945 445 1133 494 prorsus
1168 428 1395 476 dialectus
1431 427 1453 494 (
1491 445 1566 475 ea-

252 537 343 584 que
378 517 681 565 Lucanorum
711 555 725 577 ,
765 526 819 563 ut
855 534 942 583 ego
978 517 1175 581 quidem
1210 515 1409 562 arbitror
1434 553 1447 573 ‚
1474 532 1569 562 non

256 606 542 652 Volscorum
576 604 762 670 propria
799 602 852 669 ),
891 620 950 649 ne
987 621 1080 651 una
1116 603 1309 669 quidem
1344 601 1467 648 linea
1518 601 1570 650 in
1636 621 1639 645 z

254 691 440 738 Tabula
460 690 672 758 superest
696 694 912 739 universa
930 728 943 749 ,
981 708 1102 758 quae
1127 708 1152 738 a
1177 707 1358 739 carcere
1384 687 1444 734 ad
1479 688 1571 736 cal·

252 794 356 824 cem
396 795 547 843 usque
586 777 802 825 decurrat
824 796 837 836 ;
889 795 986 843 quo
1021 794 1191 842 nempe
1231 775 1443 827 subsidio
1477 774 1569 822 sul·
1636 785 1638 825 ὲ

250 865 311 912 tis
339 904 355 925 ‚

252 967 365 997 nore
393 989 406 1010 ‚
447 951 612 999 saltem
655 952 864 999 divinari
899 952 950 997 in
985 962 1138 998 cetera
1162 951 1440 1018 auspicatius
1461 968 1570 998 con·
1634 943 1636 946 ’

254 1037 451 1104 tigisset.
493 1038 675 1085 Verum
710 1039 946 1087 enimvero
983 1036 1066 1083 tali
1089 1037 1181 1084 fato
1203 1036 1441 1086 Tabulam
1466 1054 1570 1083 om—

251 1139 362 1171 nem
401 1142 459 1171 ex
496 1125 692 1175 adverso
729 1125 889 1175 videas
928 1132 975 1171 et
1009 1124 1274 1171 miserrime
1324 1122 1565 1181 luxatam,

247 1220 296 1258 et
333 1229 358 1258 a
395 1229 584 1259 summo
622 1212 873 1272 deorsum,
899 1220 1028 1278 parte
1064 1212 1110 1258 in
1148 1211 1314 1277 primis
1333 1209 1569 1257 dexterio-

247 1316 297 1346 re
314 1337 327 1359 ,
354 1298 562 1346 dimidio
581 1299 676 1346 fere
702 1299 1024 1355 imminutam,
1045 1298 1446 1364 decurtatamque.
1474 1296 1571 1346 Sed

247 1385 326 1434 vel
362 1386 428 1433 sie
462 1394 619 1434 tamen
654 1385 930 1434 audendum
972 1385 1155 1452 aliquid
1178 1423 1190 1443 ‚
1230 1386 1380 1433 famae
1430 1387 1568 1433 etiam

247 1474 549 1540 nominisque
583 1473 937 1540 qualiscumque
972 1472 1181 1540 periculo
1203 1511 1217 1533 ,
1258 1491 1317 1520 ne
1354 1475 1566 1521 veritatis

247 1561 460 1609 studium
484 1561 705 1629 gloriolae
729 1562 1007 1630 cupiditati,
1034 1560 1166 1627 quod.
1187 1559 1327 1627 plane
1346 1562 1568 1608 miseran-

248 1648 367 1695 dum
392 1687 406 1708 ‚
445 1649 611 1698 cedere
646 1650 801 1698 locum
819 1650 1049 1700 videatur.
1080 1648 1249 1697 Nostro
1278 1647 1453 1695 deinde
1479 1648 1567 1695 hoc

245 1738 456 1803 periculo
490 1739 704 1786 futurum
742 1754 1035 1805 auguramur
1062 1775 1077 1796 ‚
1116 1744 1172 1783 ut
1220 1754 1402 1784 novam
1449 1734 1570 1783 hanc

248 1834 452 1890 spartam
473 1827 726 1892 paratiores
751 1825 850 1888 alii,
870 1825 1286 1890 instructioresque
1306 1823 1570 1890 ingredian-

247 1922 358 1970 tur,
398 1930 519 1977 quae
553 1913 686 1962 nobis
722 1913 916 1963 latentia
956 1911 1110 1959 adhue
1135 1949 1150 1972 ‚
1190 1912 1240 1959 in
1285 1911 1442 1958 lucem
1480 1909 1565 1975 ipsi

245 1997 428 2046 felicius
463 1999 699 2063 prodituri
723 2040 738 2061 7
779 2016 996 2068 quaeque
1031 1998 1239 2047 fortassis
1258 2000 1308 2046 in
1327 1999 1428 2047 veri
1464 2014 1566 2061 spe-

248 2086 370 2133 ciem
406 2104 431 2132 a
481 2089 614 2134 nohis
658 2107 854 2153 procusa
881 2127 895 2146 ,
958 2088 1106 2136 iidem
1157 2085 1350 2135 solidius
1398 2085 1568 2132 confir--

253 2174 440 2221 maturi.

394 875 548 912 certae
583 864 779 913 alicuius
816 865 1073 912 sententiae
1109 872 1215 911 ante
1260 862 1464 912 stabilito
1498 870 1569 909 te-

1633 988 1636 1011 ι

1632 1070 1636 1098 1

1632 1202 1636 1267 ἑ

1631 1273 1636 1314 ι’
