1643 2812
1280 173 1345 233 93

59 264 248 334 que(2).
276 265 598 327 obrepturzcm.
637 272 708 304 se.
748 253 1170 320 subrepturzcmve.
1193 256 1343 304 esSE.

59 352 257 400 HOICE
289 347 381 415 (3).
418 341 628 390 LEGEI.
667 345 784 389 sive.
824 341 1102 390 Plebiseito.

194 437 313 484 Haec
347 432 560 478 hactenus
583 427 643 474 de
667 427 873 475 Tabulae
910 427 1190 493 Oppidensis
1232 428 1348 474 scri·

60 532 191 589 ptura
217 559 230 580 ,
266 518 393 567 cuius
417 518 513 563 sive
537 515 793 562 defectibus
819 552 832 573 ,
862 516 956 563 sive
996 514 1342 571 luxationibus‚

13 639 16 642 ·
60 627 149 675 qua
197 614 321 673 parte
366 603 715 650 desiderabatur
743 639 754 660 ,
794 601 1001 647 medicas
1029 639 1039 658 ‚
1081 598 1241 666 quoad
1293 600 1346 646 li-

60 695 184 752 cuit,
233 707 398 736 manus
454 687 770 734 adhibuimus.
819 687 1079 749 Expeditos
1125 703 1248 732 nunc
1285 686 1344 732 ab

61 782 177 829 hisce
210 775 330 823 curis
358 811 371 833 ‚
409 774 726 841 grammaticis
761 773 1004 838 praecipue
1019 771 1347 819 observationi-

59 866 140 913 bus
165 899 178 921 ,
216 878 328 927 quas
364 859 471 908 data
508 877 642 924 opera
681 859 728 905 in
766 868 894 906 notas
930 859 1200 914 rejecimus,
1228 856 1347 905 libet

56 952 101 998 in
148 947 381 995 Plebisciti
436 963 652 1010 περιοχας
708 945 916 1011 singulas
971 944 1205 1008 inquirere
1234 980 1246 1002 ,
1286 943 1345 989 ab

52 1034 314 1082 archaismis
349 1043 507 1080 tamen
550 1041 759 1099 purgatas
778 1070 790 1091 ‚
813 1049 906 1096 quo
930 1029 1059 1076 nulla
1079 1030 1240 1077 lectori
1264 1029 1345 1079 vel

49 1120 342 1176 mediocriter
376 1119 559 1166 erudito
593 1135 722 1165 mora
757 1118 815 1165 sit
839 1117 900 1164 ad
934 1117 1050 1184 legis
1074 1117 1218 1165 totius
1243 1134 1345 1164 sen-

48 1207 242 1263 tentiam
277 1205 643 1272 adsequendam.
1156 1202 1160 1206 ’

603 1381 646 1445 ᾗ.
687 1379 775 1427 III.
841 1442 843 1445 ι

272 1554 456 1621 Legis,
493 1559 593 1606 sive
619 1552 874 1602 Plebiscili
915 1553 1121 1619 Capita.

182 1725 276 1774 Sex
311 1736 609 1773 numerantur
643 1724 875 1772 Plebism'ti
922 1726 1065 1772 nostri
1115 1726 1300 1791 Capita
1329 1763 1344 1786 9

51 1828 167 1876 quae
200 1821 451 1871 vocantur,
489 1829 693 1877 quorum
747 1810 931 1877 singula
974 1811 1236 1858 eodemmet
1273 1828 1347 1857 or—

50 1898 161 1945 dine
197 1898 299 1964 ipso
334 1898 635 1965 expendenda
672 1896 971 1964 aggredimur
993 1933 1005 1955 ,
1046 1914 1139 1961 quo
1177 1897 1347 1944 suntin

51 1983 230 2031 Tabula
267 1978 515 2050 descripta.

157 2124 222 2178 (2)
251 2125 422 2164 Mutuati
444 2139 577 2164 sumus
598 2125 701 2168 hauc
721 2123 933 2162 formulam
961 2137 1012 2160 ex
1036 2125 1217 2161 Senecae
1240 2120 1347 2158 Con-

53 2204 152 2235 trov.
187 2209 224 2234 2.
256 2196 302 2234 L.
336 2195 408 2235 IX.

157 2267 217 2320 (3)
245 2267 426 2316 HOICE,
446 2268 538 2307 loco
560 2268 675 2306 Izuice
690 2295 700 2315 ,
725 2266 946 2305 alternante
969 2265 1006 2304 Ο
1029 2278 1120 2304 cum
1150 2263 1183 2302 V
1207 2291 1217 2308 a
1237 2263 1349 2316 quod,

52 2336 171 2392 lippis
200 2347 351 2380 notum.
