1643 2812
248 142 314 191 60

248 248 341 300 qua
376 241 421 281 et
443 229 745 303 Imperatores
778 236 922 286 iidem
950 236 1276 287 Tribuniciam
1311 238 1400 287 sibi
1434 255 1543 306 prae

245 322 405 371 ceteris
425 361 439 383 ‚
487 323 724 372 interdum
760 326 900 373 etiam
939 334 986 374 et
1032 325 1416 375 Proconsularem
1458 324 1546 374 sihi

246 407 578 459 adiudicarunt
609 419 898 481 potestatem.

812 580 857 646 §-
897 579 987 629 111.

278 747 365 799 DF
399 749 627 801 Mans
668 749 1038 801 TVRRANNII
1070 751 1508 829 MILITARIBVS.

378 923 664 974 Sacerdotiis
697 924 837 993 longe
871 923 1084 992 pluribus
1104 963 1118 985 ‚
1144 925 1550 993 opimior-ibasque

243 1021 407 1062 auctus
442 1010 698 1061 Turranius
744 1019 844 1072 est,
882 1028 1024 1079 quam
1061 1011 1322 1076 splendidis
1356 1013 1550 1062 militiae

239 1097 545 1157 muneribus,
581 1098 646 1145 ita
682 1108 835 1146 tamen
862 1135 877 1158 ‚
917 1106 970 1145 ut
1004 1115 1144 1167 tiemo
1178 1097 1310 1145 illum
1345 1098 1431 1148 hac
1478 1108 1548 1148 et-

241 1185 336 1233 iam
370 1192 499 1252 parte
533 1201 645 1233 cum
679 1184 888 1233 Deorum
922 1180 1058 1248 plebe
1095 1185 1378 1234 confuderit.
1434 1184 1548 1233 Fuit

239 1272 364 1318 enim
411 1271 461 1318 in
511 1269 677 1337 primis
736 1270 929 1336 insignis
980 1269 1274 1318 Praefectura
1331 1269 1547 1319 Cohortis

238 1356 525 1414 Gaetulicae.
564 1355 717 1405 Nemo
746 1356 998 1403 Cohortem
1036 1354 1156 1402 hanc
1190 1355 1545 1419 Praetorium,

238 1452 319 1491 aut
349 1442 602 1491 Urbanam
645 1441 1020 1508 interpretabitur
1045 1479 1059 1501 ,
1097 1439 1157 1488 de
1192 1458 1281 1509 qua
1325 1441 1457 1490 nulla
1490 1444 1546 1490 in.
1628 1492 1635 1500 ,

239 1545 472 1577 marmore
505 1535 663 1576 nostro
700 1527 1074 1575 commemoratio
1095 1546 1108 1586 ;
1147 1526 1231 1574 sed
1254 1544 1278 1575 e
1296 1529 1459 1576 decem
1484 1528 1544 1575 il-

237 1612 392 1664 larum
410 1631 607 1662 numero
622 1631 757 1662 unam
784 1614 880 1660 sine
905 1613 1191 1661 dubitatione
1208 1615 1467 1679 reputabit,
1494 1614 1544 1662 in

240 1717 354 1767 quas
389 1699 589 1765 dispesci
615 1698 675 1747 de
701 1716 828 1746 more
862 1698 1008 1766 Legio
1044 1700 1193 1745 omnis
1228 1717 1415 1747 romana
1439 1718 1543 1747 con-

240 1786 407 1833 suevit.
447 1786 589 1834 Extat
615 1783 675 1832 de
709 1783 919 1831 Staberio
943 1784 1071 1852 apud
1092 1784 1360 1836 Fabrettum
1379 1786 1459 1855 (1)
1490 1787 1541 1834 iu

239 1871 362 1920 hanc
395 1871 674 1920 sententiam
708 1870 965 1937 inscriptio.

349 2304 415 2360 (ι)
440 2319 540 2362 pag·
581 2304 675 2357 ¹40·
702 2319 742 2345 ¹¹-
775 2303 864 2360 149·
