1643 2812
229 167 324 213 128

221 251 280 298 de
314 252 605 300 rusticorum·
621 252 870 319 praecipue
906 266 1044 319 grege
1067 286 1081 312 .,
1103 251 1380 317 conquisitas
1407 287 1418 310 ,
1447 253 1532 301 ad‘-

219 338 347 400 dita,
388 358 505 406 quae
543 341 713 406 cuique
750 340 904 389 adhuc
923 347 1132 398 constat,
1171 333 1533 407 significatione,

219 426 508 492 alphabetico
534 428 696 475 ordine
720 428 920 496 digestas
946 427 1244 476 eruditorum
1279 427 1425 476 oculis
1455 445 1531 476 ex-

214 511 439 560 hiberet?
476 513 572 560 Sed
613 515 796 562 eccuius
830 515 1032 580 populi,
1069 514 1334 583 regionisve
1359 514 1533 562 finibus

219 590 431 646 excursio
464 599 739 649 huiusmodi
775 602 1034 650 coercenda
1060 600 1085 647 ἱ)
1121 601 1198 650 Ad
1229 601 1417 648 Italiam
1443 618 1530 666 pu-

218 695 266 733 to
304 687 571 736 uni-versam
599 725 612 746 ,
649 689 833 754 partitis
869 689 993 736 inter
1042 707 1089 736 se
1128 689 1374 737 doctorum
1414 688 1532 737 vici-

216 773 304 820 ]ms
333 812 346 833 a
373 773 722 840 prolatandam.
744 775 864 822 Vota
891 814 906 836 ,
934 776 1112 841 inqu-is.
1138 776 1410 837 Assentior,
1428 792 1533 822 rno-

217 861 280 908 do
319 878 379 907 ne
416 862 785 922 somniantium‚
823 861 996 910 addas„

354 948 692 1006 Quaestionem
728 949 921 998 alteram
944 950 1004 998 ad
1026 952 1104 1013 id,
1131 969 1227 1021 quo
1261 951 1323 999 de
1347 950 1502 1017 agitur
1523 988 1536 1010 ‚

214 1037 410 1084 maximi
432 1074 444 1094 ‚
484 1045 539 1083 ut
577 1049 664 1104 ego
698 1046 814 1101 puto
833 1074 850 1096 5
866 1040 1096 1085 momenti
1113 1039 1178 1085 ita
1201 1040 1401 1106 proponi
1426 1055 1538 1104 1³05*

215 1142 263 1171 se
322 1123 484 1175 video.
544 1122 786 1171 Sonorum
834 1122 1024 1170 affinitas
1052 1162 1064 1182 ‚
1104 1127 1180 1172 cui
1228 1126 1535 1193 etymologia

215 1210 428 1258 insistere
455 1211 752 1275 potissimum
787 1210 904 1260 solet
925 1249 938 1270 ‚
977 1211 1135 1260 dimne
1171 1214 1279 1261 satis
1302 1221 1425 1260 certa
1448 1212 1535 1260 ha·

212 1297 399 1354 benda,
441 1315 534 1362 qua
570 1299 630 1346 ab
666 1299 787 1346 notis
825 1297 1038 1345 dialectis
1078 1299 1140 1346 ad
1181 1299 1362 1366 ignotas
1409 1298 1535 1346 desi-

214 1393 377 1450 tasque
415 1385 502 1431 iter
539 1383 634 1431 sit?
669 1384 761 1431 Cui
798 1386 1057 1451 quaestioni
1093 1386 1156 1432 ita
1205 1387 1414 1435 breviter
1447 1404 1534 1450 pro

212 1488 262 1517 rc
298 1472 536 1536 praesenti
573 1489 707 1537 posse
734 1473 832 1518 fieri
870 1474 998 1533 satis,
1025 1488 1210 1519 censeo.
1253 1470 1391 1538 Nego
1412 1510 1426 1532 ,
1448 1473 1532 1519 ubi

214 1558 272 1605 de
311 1558 370 1604 de
407 1557 622 1605 dialectis
657 1576 730 1605 res
767 1559 825 1604 sit
848 1597 860 1616 ,
890 1576 1010 1625 quae
1048 1556 1109 1605 ad
1146 1558 1441 1608 diversarum
1480 1576 1532 1605 0-

213 1647 421 1712 riginum
436 1654 611 1713 ‘gentes
630 1684 642 1705 ‚
674 1646 977 1713 regionesque
999 1647 1093 1692 sint
1113 1645 1398 1693 referendae.
1417 1645 1525 1705 Aio,

212 1733 295 1779 ubi
333 1733 393 1780 de
429 1731 641 1781 dialectis
678 1735 858 1800 agitur,
897 1749 1016 1798 quae
1051 1732 1203 1798 gentis
1239 1733 1381 1779 nnius
1409 1769 1421 1790 ,
1453 1749 1529 1781 re·-

211 1820 456 1887 gionisque
495 1820 604 1867 sint.
645 1819 811 1867 Paucis
848 1818 1072 1885 exemplis
1108 1826 1356 1887 utramque
1381 1837 1526 1886 quae-

209 1909 371 1955 stionis
409 1918 588 1973 partem
618 1908 885 1975 expediam.
926 1906 1136 1953 Verbum
1171 1908 1323 1956 ealcle
1344 1946 1357 1968 ,
1396 1906 1528 1974 quod

211 1994 456 2043 Germanis
474 1995 741 2062 frigidum
777 2005 844 2043 est
871 2034 884 2055 ,
923 1994 1184 2059 oppositam
1218 2011 1327 2059 prae
1356 2011 1404 2040 se
1438 1994 1528 2040 fert

212 2082 599 2148 significationem
635 2102 657 2130 a
661 2082 765 2149 pud.
800 2083 990 2130 Latinos
1012 2119 1025 2142 ‚
1048 2078 1187 2127 Italos
1204 2116 1218 2140 ,
1240 2096 1411 2144 eosque
1436 2078 1523 2126 de-

209 2185 339 2217 mum
376 2187 566 2229 omnes,
609 2172 693 2236 qui
730 2188 860 2219 suam
896 2170 954 2217 ab
987 2184 1287 2216 romanorum
1322 2164 1523 2213 dialecto

214 2257 428 2325 linguam
480 2257 769 2307 derivarunt.
808 2258 876 2305 Ea
926 2264 1116 2324 propter
1164 2264 1210 2302 et
1245 2254 1521 2301 Latinorum

208 2346 384 2403 addo,
426 2348 525 2396 sive
562 2348 765 2408 calido,
806 2355 850 2394 et
876 2346 1028 2396 caldo
1053 2342 1313 2406 Italorum,
1360 2347 1408 2388 et
1432 2337 1519 2387 Hie
