1643 2812
271 134 362 193 154

401 215 825 283 MALLOM(1)‚·
844 223 891 262 et
913 213 1140 261 MALVD
1160 213 1406 279 ,itemque
1432 210 1585 258 MAL-

262 304 424 363 LVD;
465 306 562 352 noti
597 321 727 352 casus
762 302 982 350 adiectivi
1009 300 1192 349 malus*⁸

401 389 543 439 MAN
551 388 887 437 IMASEPVM
903 388 1004 455 (2).
1019 387 1211 452 Duphcl
1222 384 1282 433 de
1302 385 1432 433 fonte
1456 383 1588 432 deri-

258 479 360 526 vari
395 478 516 523 mihi
554 495 644 525 vox
681 477 767 522 ista
808 491 939 542 posse
988 475 1178 521 videtur
1205 473 1328 533 ,nisi
1352 472 1475 538 quid
1489 489 1582 520 cer-

260 566 357 612 tius
394 564 588 631 posthac
624 546 921 610 succurrerit.
981 562 1196 608 Primum
1237 578 1262 607 a
1301 560 1539 609 stlanibus
1566 596 1579 616 ,

260 661 308 700 et
345 670 431 698 απο
467 668 545 696 του
583 656 730 710 ςηβειν
762 687 774 708 ‚
813 658 1061 715 tamquam
1098 648 1134 695 si
1172 647 1444 694 diceretur:
1476 645 1583 694 Ma-

257 739 404 788 nibus
440 739 552 786 Diis
568 753 747 792 sacer,
789 753 870 783 seu
907 735 1128 783 devotus.
1169 733 1393 786 Secundo
1431 753 1455 781 a
1484 750 1584 780 ma-

256 843 377 884 nus,
404 832 450 871 et
482 828 619 891 sepio
647 861 660 882 ‚
699 824 832 887 quasi
868 824 906 870 si
930 821 1115 869 dicatur
1129 821 1358 870 manibus
1380 829 1549 888 septus
1568 856 1579 875 ,

257 929 339 960 seu
376 912 602 960 manibus
636 912 909 977 colligatis.
948 908 1150 956 Consule
1173 926 1276 957 voc.
1301 926 1579 975 egmaznm.

396 998 643 1047 MEDDIS
674 998 771 1065 (3).
798 998 924 1046 Cum
945 995 1184 1063 duplicato
1207 998 1382 1062 quippe
1405 996 1448 1043 D
1473 1013 1582 1062 per·

257 1094 400 1152 petuo
441 1087 646 1133 occurrit
681 1103 773 1133 vox
791 1104 842 1133 ea
868 1087 915 1132 in
941 1084 1126 1131 Tabula
1151 1090 1306 1131 nostra
1327 1121 1341 1142 ‚
1364 1100 1486 1149 quae
1512 1091 1584 1130 ta-

257 1192 368 1220 men
403 1192 490 1239 per
524 1174 566 1219 D
606 1172 806 1238 simplex
843 1172 1035 1219 effertur
1069 1172 1117 1217 in
1154 1170 1332 1218 lamina
1378 1170 1581 1218 Veliter-

263 1262 390 1306 nina.
433 1260 530 1319 Qui
567 1259 697 1325 plura
724 1260 784 1307 de
821 1276 936 1309 voce
959 1259 1045 1305 hac
1063 1256 1303 1304 desiderat
1324 1257 1580 1318 ,Vossium

264 1345 400 1393 adeat
448 1347 497 1394 in
554 1346 877 1413 Etymologic.
918 1362 1026 1391 cum
1080 1343 1292 1392 subiecta
1350 1344 1586 1392 Mazochii

256 1434 573 1482 adnotatione.
614 1435 944 1500 Magistratum
981 1430 1238 1497 quemdam
1268 1469 1282 1490 ‚
1323 1448 1403 1478 seu
1445 1429 1580 1478 Iudi-

258 1539 358 1568 cem
397 1537 672 1586 supremum
709 1538 760 1567 ea
796 1536 910 1569 voce
946 1518 1213 1585 designari,
1252 1517 1376 1565 inter
1414 1517 1579 1565 erudi-

258 1618 331 1656 tos
368 1607 603 1657 convenit.
647 1607 745 1666 Qui
782 1622 1052 1674 graecorum
1088 1605 1301 1670 partibus
1354 1603 1572 1661 student,

257 1695 307 1741 hi
345 1694 481 1741 facile
517 1711 682 1743 vocem
720 1694 839 1741 hanc
874 1708 963 1738 ατο
1002 1709 1080 1738 του
1126 1706 1264 1749 μεσου
1316 1699 1529 1757 repetant
1560 1728 1575 1749 ,

258 1781 387 1847 quod
424 1781 585 1829 iudex
624 1781 817 1829 medius
853 1779 1001 1827 veluti
1038 1779 1168 1826 sedet
1203 1778 1355 1845 legem
1409 1780 1530 1826 inter
1559 1815 1574 1835 ‚

257 1869 444 1935 legique
476 1869 716 1916 obnoxios.
758 1867 832 1914 An
869 1867 979 1914 inde
1016 1864 1205 1913 Medici
1240 1882 1430 1931 quoque
1488 1882 1573 1911 no-

255 1955 405 2004 men?
440 1956 738 2004 Medicorum
775 1964 918 2014 certe,
955 1971 1066 2020 prae
1103 1951 1360 2011 iudicibus,
1401 1959 1446 1999 et
1470 1968 1574 1997 mu-

257 2060 344 2090 nus
372 2080 383 2100 ,
424 2050 469 2089 et
505 2043 733 2090 institutio
768 2042 909 2109 longe
944 2051 1155 2106 tempore
1194 2039 1429 2086 inferiora.

366 2236 432 2292 (1)
477 2236 566 2273 Lin.
621 2236 658 2274 5.
716 2233 776 2287 14.
832 2235 890 2275 ι5.
949 2231 1010 2273 18.
1051 2245 1111 2287 19.
1145 2246 1211 2273 22.
1269 2232 1327 2287 (2)
1373 2233 1463 2272 Lin.
1500 2230 1564 2282 24.

254 2310 316 2366 (3)
347 2309 438 2349 Lin.
473 2306 512 2347 8.
547 2307 613 2347 26.
