1643 2812
1306 177 1363 239 73

66 274 105 319 si
143 273 201 319 ad
238 267 386 317 VEN.
424 263 676 320 refe1·atur‚
731 262 920 327 pronius
957 260 1015 306 sit
1061 258 1244 324 aliquid
1280 279 1363 323 pro

63 358 254 405 Veneris
291 352 493 418 Collegio
516 388 528 408 ,
567 367 707 415 quam
744 348 1031 395 venatorum
1054 386 1065 407 ,
1105 348 1316 396 subolere
1343 368 1358 395 t

65 445 284 494 curiosius
318 449 471 485 tamen
507 436 695 484 rimanti
745 442 951 481 occurret
995 435 1185 482 fortasse
1223 436 1362 501 quid-

63 534 190 597 piam
212 567 223 588 ‚
285 523 407 591 quod
442 524 488 569 in
525 523 812 571 Venatorum
872 538 1061 586 quoque
1097 521 1364 589 Collegium

65 615 260 685 perbelle
294 611 502 677 quadret.
543 613 674 671 Quae
710 610 816 655 ideo
855 609 979 656 dicta
1015 608 1180 668 volui,
1217 619 1270 656 ut
1304 628 1363 656 ne

66 705 111 750 in
134 699 410 751 coniecturis
449 696 686 761 capiendis
731 695 817 760 ipsi
854 695 989 742 nobis
1025 696 1143 742 iusto
1180 696 1364 742 diutius

64 789 352 854 placeam1153
414 801 528 848 quas
577 783 766 847 quidem
814 784 862 828 in
905 781 1113 828 obscuris
1159 784 1360 841 sectari,

61 874 262 940 sapientis
301 871 536 919 interdum
571 869 852 916 necessitatis
897 876 966 914 est
991 906 1004 928 ,
1065 876 1219 914 tenere
1272 887 1361 933 pu—

58 961 239 1029 gnacius
262 996 274 1017 7
316 957 542 1014 illiberale
576 955 762 1002 omnino
808 955 1020 1001 arbitror.

183 1045 251 1091 Ut
286 1045 428 1090 fatear
464 1053 622 1090 tamen
651 1080 662 1100 ‚
702 1041 832 1105 quod.
852 1043 999 1088 sentio
1018 1079 1030 1101 ,
1053 1050 1122 1088 est
1144 1042 1327 1108 aliquid
1347 1081 1361 1101 ‚

53 1140 131 1178 aut
167 1149 262 1178 esse
298 1140 419 1177 certe
457 1128 642 1176 videtur
678 1129 727 1173 in
746 1126 832 1174 hac
859 1129 956 1192 ipsa
993 1146 1040 1175 re
1064 1166 1077 1188 .,
1110 1130 1241 1194 quod
1278 1148 1360 1195 pro

51 1217 370 1263 Venereorum
406 1215 555 1280 magis
579 1252 592 1272 ‚
632 1231 771 1278 quain
806 1214 1092 1261 venatorum
1146 1216 1356 1281 Collegio

47 1301 191 1347 facere
229 1300 425 1348 videtur.
450 1300 681 1346 Venerem
702 1300 956 1363 quamdam
980 1301 1195 1368 intelligo
1220 1303 1357 1349 Pom-

45 1388 253 1451 peiorum
295 1387 557 1451 propriam,
598 1404 740 1450 quam
781 1385 996 1450 Pompeis
1034 1390 1242 1435 extitisse
1280 1407 1356 1435 re—

47 1491 187 1531 vera,
226 1482 271 1519 et
306 1491 531 1538 magnum
566 1481 795 1538 praeterea
837 1473 1017 1538 aliquid
1052 1474 1181 1540 apud
1220 1475 1359 1520 Pom-

44 1562 230 1626 peianos
283 1560 547 1618 audivisse3
589 1559 660 1608 vel
700 1577 756 1606 ex
791 1559 863 1606 his
900 1569 1108 1606 constare
1160 1570 1319 1625 potest
1341 1600 1355 1619 ,

48 1663 167 1711 quae
202 1646 344 1709 pictor
377 1647 564 1709 ineptus
582 1647 790 1710 picturae
817 1663 921 1691 suae
968 1646 1158 1692 cuidam
1219 1648 1353 1712 inep-

48 1732 249 1778 tissimae
269 1732 532 1797 subscripsit
558 1732 779 1795 ineptius:
801 1732 954 1779 Abicit
980 1733 1180 1780 Venere
1210 1735 1356 1781 Pom-

46 1821 231 1882 peiana
256 1819 469 1874 iradam,
491 1822 575 1885 qui
601 1817 695 1864 hoe
721 1819 943 1865 laeserit.
973 1818 1182 1865 Profecto
1206 1821 1352 1880 enim,

49 1904 136 1949 nisi
170 1921 253 1969 ego
288 1905 332 1950 in
369 1904 624 1951 meridiana
673 1903 779 1950 luce
814 1906 1017 1952 caecutio
1048 1943 1060 1964 ‚
1102 1905 1214 1953 haec
1252 1925 1350 1953 om-

46 1989 122 2034 nia
145 1999 296 2054 aperte
316 1989 590 2047 ostendunt,
619 2008 753 2037 suam
771 1991 1059 2055 Pompeianis
1091 1992 1231 2039 fuisse
1256 1993 1354 2038 Ve—

45 2092 197 2122 nerem
237 2077 522 2142 quamdam,
560 2093 758 2142 eamque
796 2079 893 2124 sive
946 2078 1174 2143 sculptam
1202 2117 1214 2137 ,
1255 2079 1352 2126 sive

53 2160 280 2226 depictam
322 2163 342 2228 (
387 2164 542 2229 ecquis
591 2165 717 2210 enim
741 2164 1014 2212 alterutrum
1051 2175 1176 2211 certo
1218 2183 1349 2230 prae-

53 2257 184 2294 stare·
207 2248 408 2296 audeat?
446 2250 466 2316 )
503 2268 596 2297 non
629 2250 886 2316 ignobilem
923 2267 1028 2297 sane
1055 2289 1068 2310 ,
1108 2269 1158 2297 ac
1194 2250 1356 2316 vulga-

60 2349 158 2380 rem
185 2371 198 2392 ‚
248 2353 390 2400 quam
427 2336 556 2387 cultu
591 2338 680 2403 ipsi
715 2335 904 2403 publico
957 2339 1162 2402 impense
1197 2355 1353 2399 prose-

65 2429 333 2480 querentur.
