1643 2812
1308 133 1370 182 65

91 220 375 288 propositum
411 217 644 265 obiectum
673 230 865 277 ιςορικως
901 212 1250 264 exhibebimus:
1293 217 1380 265 (16-

89 309 198 355 inde
234 308 424 355 modum
451 341 462 361 ,
492 303 537 348 in
562 318 655 367 quo
697 319 789 347 uno
827 304 1032 367 quaestio
1068 318 1162 348 esse
1197 312 1373 366 potest,

211 410 361 441 oremus
390 428 400 446 ‚
440 369 532 453 fluo
568 387 833 453 Pompeiani
883 387 1129 436 Duumviri
1174 388 1233 434 ad
1271 406 1377 453 pro..

209 433 236 461 o

83 481 280 544 positum
328 476 557 522 obiectum
600 474 687 520 sibi
735 474 1084 538 properandum
1131 474 1370 520 duxerint.

89 397 203 441 attin

86 567 314 612 Postremo
339 561 406 607 ,(16
443 561 568 625 siglis
614 561 721 607 Col.
764 577 867 607 verz.
892 578 1011 618 cor3
1051 560 1244 625 quando
1277 562 1375 608 fieri

84 650 212 697 aliter
244 665 333 693 non
369 655 547 710 potest,
590 647 742 694 brevis
782 645 1038 692 admodum
1066 683 1078 704 ‚
1137 648 1371 693 coniectu-

88 735 280 798 ralisque
315 733 397 778 erit
435 735 595 780 oratio.

213 837 254 864 1.
294 818 446 864 Aedes
485 827 578 865 crat
625 820 869 882 quaepiam
915 817 1247 881 Pompeiorum
1284 834 1372 880 pu·

81 905 195 952 blica
217 940 229 961 ‚
269 913 348 950 aut
374 913 581 952 extructa
619 905 743 961 iam,
775 913 851 949 aut
888 904 1145 949 extruenda
1181 904 1370 969 potius;

78 1003 194 1040 stare
231 991 357 1036 enim
393 1000 645 1057 utrumque
690 999 838 1055 potest
861 1027 872 1047 ,
911 997 955 1034 et
998 990 1226 1035 utrumvis
1263 988 1371 1036 licet

67 1076 257 1125 mavelis
274 1114 285 1135 ‚
309 1086 463 1122 nostra
487 1077 615 1141 quod
650 1077 863 1132 interest,
890 1075 1085 1137 perinde
1113 1075 1213 1120 crit.
1245 1074 1369 1122 Huic

66 1164 222 1226 itaque
283 1162 385 1207 aedi
435 1180 529 1209 uon
578 1162 680 1210 leve
732 1160 969 1207 servitutis
1019 1160 1371 1207 incommodum.

73 1248 308 1295 luminum
345 1265 529 1294 suorum
566 1255 809 1311 prospectu
846 1246 1098 1303 afferebat,
1139 1256 1218 1293 aut
1255 1246 1367 1292 alla-

64 1343 226 1381 turum
263 1335 448 1381 fortasse
486 1335 632 1380 fuerat
659 1333 950 1400 .Collegium
998 1334 1196 1380 Veneris
1234 1351 1257 1380 e
1293 1351 1366 1380 re-

64 1422 200 1487 gione
224 1459 236 1479 ,
296 1422 369 1469 via
416 1420 727 1467 intercedente
756 1457 767 1477 ‚
821 1421 1042 1484 positum.
1096 1420 1367 1484 Pompeiani

61 1506 232 1553 idcirco
268 1506 549 1553 Decuriones
587 1515 865 1553 censuerunt
893 1543 904 1563 ‚
956 1508 1028 1552 uti
1064 1523 1115 1552 ea
1161 1506 1221 1554 de
1271 1523 1365 1552 ser-

61 1594 207 1640 vitute
232 1591 506 1639 redimenda
523 1592 718 1658 impigre
756 1600 988 1657 ageretur.
1030 1593 1248 1657 Ipsorum
1282 1592 1364 1638 de-

62 1688 187 1725 creto
209 1717 221 1738 ,
261 1677 422 1725 datum
459 1679 701 1745 negotium
737 1678 806 1726 Μ,
848 1676 1078 1724 Holconio
1115 1678 1237 1724 Rufo
1267 1714 1278 1735 ‚
1318 1688 1364 1724 et

66 1763 121 1810 C.
143 1764 339 1832 Egnatio
375 1765 596 1812 Postumo
614 1771 629 1822 ,¹
649 1765 732 1829 qui
767 1774 876 1810 tunc
916 1765 1135 1828 temporis
1170 1764 1365 1813 Duoviri

64 1851 164 1897 iure
201 1851 407 1898 dicundo
442 1851 654 1916 Pompeis
703 1859 959 1914 praeerant.
998 1849 1089 1896 Res
1138 1851 1363 1896 'transacta

64 1954 148 2000 pro
184 1944 306 1985 voto.
338 1937 459 1984 Nam
482 1938 600 1984 datis
636 1937 849 2002 Collegio
874 1937 1131 1983 sestertium
1165 1946 1235 1982 ter
1259 1936 1364 1982 mil-

66 2020 188 2068 libus
211 2059 222 2078 ,
273 2033 480 2087 emptum
516 2041 542 2069 a
576 2023 850 2071 Duumviris
906 2031 972 2069 est
1006 2027 1084 2071 ius
1128 2024 1365 2070 luminum,

65 2108 472 2157 obstruendorzcm
499 2148 512 2169 ,
550 2112 646 2159 sive
682 2119 997 2175 comparatum
1035 2108 1137 2154 aedi
1176 2109 1365 2173 Pompe-

73 2195 221 2242 iorum
246 2234 257 2254 ,
296 2205 348 2242 ut
383 2195 573 2244 occlusis
609 2193 809 2263 Collegii
845 2195 1102 2242 luminibus
1129 2232 1141 2253 ‚
1183 2194 1280 2258 ipsa
1317 2212 1368 2240 se

68 2298 91 2325 a
130 2283 351 2332 servitute
386 2282 668 2344 redimeret,
708 2296 849 2350 quam
886 2290 967 2328 aut
1003 2281 1221 2330 servierat
1254 2280 1367 2326 hac<
