1643 2812
656 251 700 315 g.
742 249 808 297 11.

280 426 364 475 DE
400 422 723 471 TURRANH
761 420 1207 470 sACERDorns.

218 596 441 646 PATER.
459 595 813 644 PATRATVS.
833 594 1080 642 POPVLI.
1100 595 1389 650 LAVREN-

87 685 197 734 TIS.
237 683 334 742 Qui
358 685 575 748 princeps
599 692 696 730 erat
719 683 979 735 Fecialium
1002 720 1015 740 ,
1046 682 1282 731 ille‘Pator
1310 703 1390 750 pa-

87 779 231 820 tratus
261 769 537 830 dicebatur,
577 771 711 818 cuius
747 778 869 829 erat,
910 786 1018 816 cum
1054 770 1101 815 in
1141 769 1281 817 hellis
1317 771 1391 818 in-

82 858 290 908 dicendis
313 896 325 917 ,
365 875 472 906 cum
508 859 555 905 in
612 858 858 924 iungendis
913 856 1179 904 foederibus
1211 894 1222 916 ,
1274 856 1392 905 ritus

83 945 309 1011 quosdam
336 983 349 1005 7
388 946 768 1011 ceremoniasque
795 960 956 991 sacras
994 961 1216 1010 paragere
1235 981 1248 1004 .,
1275 962 1392 1011 quae

78 1032 221 1099 vulgo
259 1039 393 1092 nota,
434 1039 480 1078 et
517 1029 577 1078 de
613 1031 786 1096 quibus
811 1032 1004 1078 adeatur
1027 1028 1194 1077 Livius
1219 1029 1319 1095 (ι).

215 1116 287 1165 De
311 1117 429 1165 urbe
444 1118 677 1164 Laurente
701 1118 899 1165 minime
924 1115 1261 1164 confundenda
1285 1134 1395 1165 cum

81 1204 314 1262 Lavinio,
351 1222 432 1252 seu
455 1203 610 1250 Lauro
644 1204 842 1252 Lavinio
869 1241 882 1265 ‚
920 1204 1029 1251 satis
1074 1220 1228 1270 supra.
1271 1203 1393 1249 Lau-

76 1292 197 1338 renti
241 1298 396 1337 autem
431 1291 658 1339 maximus
696 1308 720 1336 a
755 1290 962 1337 romanis
1013 1306 1195 1355 semper
1246 1290 1394 1337 honor

77 1376 282 1424 habitus.
322 1376 582 1424 Laurentes
620 1393 755 1443 agros
776 1413 788 1435 ,
830 1376 1020 1424 colonos
1039 1415 1050 1435 ,
1080 1386 1227 1425 castra
1247 1415 1259 1436 ,
1284 1395 1395 1425 mu-

80 1479 155 1511 ros
172 1462 317 1512 divini
337 1463 568 1511 Aeneidos
585 1462 717 1510 Libri
735 1479 917 1529 quaqua
944 1480 1130 1513 versum
1153 1473 1389 1511 resonant.

80 1545 251 1596 Famae
289 1549 419 1616 origo
456 1567 514 1596 ex.
547 1568 603 1597 eo
630 1588 645 1610 ,
683 1548 813 1616 quod
849 1550 918 1597 ibi
952 1550 1233 1599 Latinorum
1259 1551 1394 1598 sedes

76 1643 378 1701 pervetusta:
417 1652 582 1684 verum
629 1635 831 1682 nominis
879 1637 1219 1695 incrementum
1254 1639 1394 1704 potis-

76 1721 249 1767 simum
301 1721 483 1769 Aeneae
501 1722 547 1768 in
568 1721 685 1768 hanc
722 1719 881 1768 Italiae
907 1739 1036 1770 oram
1057 1724 1276 1792 appulsui
1312 1723 1395 1770 de—

83 1805 225 1854 betur
253 1845 265 1865 ,
291 1826 384 1855 una
419 1825 527 1855 cum
564 1808 774 1875 genitore
809 1809 1011 1858 Anchise
1034 1848 1047 1870 ,
1073 1829 1279 1878 quocum
1305 1812 1394 1858 hoc

79 1890 182 1940 loco
216 1895 423 1958 primum
465 1895 730 1961 auspicatus
767 1903 836 1940 est
859 1932 871 1955 ,
913 1905 967 1942 ut
992 1897 1133 1945 refert
1157 1897 1269 1945 Sex.
1301 1899 1395 1944 Au·

86 1978 230 2026 relius
254 1979 415 2028 Victor
440 1980 523 2047 (2)
553 1999 565 2039 ;
607 1982 689 2047 qui
716 1980 839 2030 illud
874 1981 1095 2031 indidem
1135 2001 1191 2031 ex
1215 1984 1393 2032 Catone

89 2066 278 2114 subiicit
301 2086 312 2116 :
334 2067 556 2115 Latinum
573 2084 732 2135 regem
752 2106 762 2125 ,
791 2085 901 2116 cum
925 2070 1220 2134 processisset
1242 2087 1393 2118 arma-

1324 2212 1385 2220 ..ι-,ν

195 2273 262 2329 (1)
289 2276 380 2316 Lib.
418 2292 452 2317 1.
483 2278 584 2332 Cap,
617 2276 690 2318 IX.
723 2288 762 2318 et
788 2278 899 2320 XII-1.

197 2344 264 2399 (2)
293 2348 355 2387 De
383 2348 498 2402 Orig.
530 2351 650 2394 Gent.
667 2351 788 2392 Rom.
