1643 2812
1295 137 1359 203 67

62 237 98 269 a
127 223 322 285 privato
352 217 676 287 publieaoisse
711 213 784 274 id,
826 214 963 283 quod
998 218 1138 267 ἰητνα
1173 218 1360 286 Cippos

61 309 132 356 ad
171 309 408 372 Campum
440 319 607 353 versus
640 302 736 349 soli
770 311 843 349 est
878 304 979 368 (ι).
1013 305 1120 363 Quo
1156 312 1356 371 utroque

61 395 110 441 in
149 393 281 451 loco,
320 392 466 456 priore
502 390 547 435 in
585 389 746 453 primis
770 425 780 445 ‚
821 388 973 453 palam
1009 399 1106 446 est,
1144 391 1242 439 vim
1280 408 1361 437 του

60 482 298 528 redimere
332 495 389 525 ne
424 475 571 522 latum
607 476 797 541 quidem
838 494 1048 544 unguem
1100 487 1225 525 extra
1263 487 1358 524 ter-

55 569 205 617 minos
240 562 485 628 emptionis
522 578 675 609 merae
714 563 914 629 evagari.
974 563 1010 609 F
1015 573 1180 630 atoque
1215 564 1355 611 simili

57 668 237 722 prorsus
272 648 396 695 haud
433 666 536 695 raro
573 650 768 697 verbum
804 649 1021 696 reddere
1057 666 1142 714 pro
1177 651 1351 697 dando

57 734 319 802 simpliciter
356 743 630 800 usurpatum
667 736 865 782 occurrit
894 773 906 794 ,
946 735 1005 782 de
1022 753 1116 800 quo
1142 737 1206 782 sie
1243 736 1353 784 Cel-

56 843 124 873 sus
155 822 259 889 (2):
301 822 524 870 Verbum
547 823 828 880 reddendi,
858 839 1160 888 quamquam
1196 819 1370 887 signi-⁴

34 912 322 974 ficationem
357 908 542 970 habeat
568 918 705 955 retro
742 908 904 954 dandi
927 945 939 967 ,
965 912 1147 974 recipit
1183 919 1345 957 tamen

50 1007 94 1045 et
119 1012 213 1063 per
246 1013 298 1043 se
333 995 539 1042 DANDI
575 995 1007 1060 signg'fi'emionem.

179 1081 304 1140 Quin
341 1082 421 1129 ubi
461 1080 641 1146 aliquid
676 1090 884 1145 emptum
928 1079 1119 1147 publico
1155 1083 1345 1130 nomine

40 1169 291 1218 intervenit
316 1188 340 1215 a
364 1169 577 1233 privatis„
601 1167 883 1214 redimendi
918 1166 1142 1237 libentius
1159 1207 1173 1228 ‚
1200 1186 1344 1235 quam

38 1258 230 1304 emendi
263 1255 461 1304 verbum
495 1255 590 1301 fere
628 1253 892 1300 adhibitum
946 1254 1107 1303 videre
1144 1263 1241 1315 est,
1281 1256 1345 1304 ad.

35 1345 293 1408 potiorem,
334 1340 471 1388 credo
500 1379 512 1400 ,
551 1340 879 1406 antiquitatem
898 1340 1229 1388 insinuandam
1265 1342 1340 1389 iu-

35 1430 97 1475 ris
133 1428 310 1494 publici
345 1445 455 1493 prae
491 1427 669 1494 privato
697 1465 710 1487 ‚
749 1426 825 1473 cui
862 1427 948 1475 hoc
1002 1428 1229 1493 posterius
1266 1429 1341 1475 in-

35 1516 206 1563 servire
224 1552 236 1574 ,
274 1514 679 1578 accomodarique‚
720 1529 920 1578 aequum
947 1514 1004 1561 sit
1029 1551 1040 1571 ‚
1070 1530 1157 1560 non
1184 1533 1208 1562 e
1234 1532 1341 1562 con-

36 1619 197 1663 verso,
235 1603 272 1649 si
293 1591 480 1667 'quando
515 1600 715 1649 alterum
751 1600 885 1647 alteri
924 1617 1190 1668 repugnare
1227 1618 1337 1650 con-

34 1689 202 1755 tingat.
1059 1680 1062 1684 Δ

168 1774 229 1820 At
263 1773 299 1820 si
335 1773 409 1820 cui
440 1791 718 1839 persuasum
756 1774 945 1822 omnino
981 1774 1071 1832 sit,
1113 1790 1165 1820 το
1202 1772 1332 1821 redi-

33 1878 159 1908 mere
194 1861 337 1908 nostri
370 1861 716 1928 epigrammatis
752 1879 835 1927 pro
885 1862 1045 1909 iterata
1099 1861 1336 1926 emptione

30 1946 230 2013 intelligi
264 1956 473 2012 oportere
494 1985 506 2005 ,
547 1947 658 1994 huic
693 1949 758 1994 ita
803 1965 915 1994 suae
953 1955 1061 1993 sunt
1097 1944 1344 1993 ineundae

31 2034 247 2091 rationes,
284 2043 335 2081 ut
367 2034 571 2100 primum
599 2035 775 2102 cogitet
795 2070 807 2093 a
846 2038 923 2082 ius
953 2034 1190 2082 luminum
1226 2050 1338 2098 ape-

139 2225 202 2280 (1)
231 2225 294 2265 De
322 2227 377 2266 V.
410 2227 452 2266 S.
487 2227 538 2266 D.
571 2226 604 2266 I.
636 2227 709 2281 94.

138 2297 203 2351 (2)
232 2299 327 2340 ibid.
359 2313 401 2353 p.
443 2299 528 2354 147.
