1643 2812
289 152 386 201 156

274 241 468 289 derim:
509 250 656 289 laxet
692 240 888 291 meddis
923 241 1185 290 multatum
1218 239 1357 289 licet.
1392 239 1593 309 Exigat

272 333 532 394 magister.
572 327 650 376 Sic
684 328 840 395 placet
876 329 1032 395 potius
1072 345 1122 376 το
1158 332 1330 378 mister
1364 328 1593 390 reddere,

269 434 415 482 quam
453 420 676 465 minister·
702 452 716 476 ‚
755 415 970 480 exemplo
1004 423 1110 463 tum
1146 432 1346 475 eorum,
1382 415 1465 481 qui
1492 432 1589 484 pa-

271 507 397 568 gani
432 507 665 568 magistri
701 501 982 550 dicebantur
1005 540 1018 562 ,
1044 511 1146 550 tum
1171 502 1324 552 multo
1346 505 1490 571 magis
1513 503 1586 552 E·-

268 594 462 657 quitum
497 590 737 655 Magistri
767 627 777 648 ,
819 591 893 638 cui
911 591 1151 656 proximae
1168 589 1398 639 Dictatori
1431 599 1585 657 partes

267 675 672 742 relinquebantur.
701 677 869 743 Anglis
894 676 1156 725 hodiedum
1179 676 1581 735 mistrDominus;

265 767 481 813 mistreis
515 762 717 810 Domina
754 771 837 811 est.

403 847 683 897 MOLTAM
722 849 820 916 (1).
859 848 1077 919 Intellige
1112 852 1336 903 multam·
1379 854 1451 905 Et

404 934 736 985 MOLTAVM
759 935 837 1004 (α)
870 938 1148 991 multatum,

878 1113 973 1192 N.

401 1287 466 1337 N.
507 1288 611 1357 (3).
650 1288 808 1340 Numi
843 1288 961 1356 sigla
997 1284 1206 1338 videtur.
1248 1289 1310 1339 N.
1352 1288 1402 1335 Θ
1464 1288 1580 1343 forte

261 1379 422 1425 mamis
456 1376 605 1431 mille.

396 1461 514 1511 NEI
551 1461 654 1529 (4).
693 1460 772 1511 Sic
808 1462 1070 1529 antiquitus
1104 1480 1191 1529 pro
1230 1480 1311 1512 ne.

397 1547 565 1597 NEIP.
585 1548 682 1618 (5).
703 1550 833 1599 Eliso
849 1550 1132 1617 paragogico
1156 1549 1213 1610 B,
1230 1556 1441 1617 superest
1465 1551 1579 1607 nei,

261 1635 322 1684 de
345 1653 437 1704 quo
472 1637 568 1684 iam
604 1637 870 1686 retulimus.
897 1635 998 1685 Sed
1014 1637 1203 1685 fortasse
1225 1644 1314 1685 stat
1335 1636 1478 1685 etiam
1493 1650 1578 1700 pro

257 1726 375 1772 nisi.

397 1809 545 1859 NEP.
586 1811 665 1880 (6)
704 1811 859 1860 Idem.

396 1896 503 1946 NE.
543 1897 710 1947 PHIM
747 1899 845 1967 (7).
903 1896 1150 1947 Fortasse:
1201 1915 1264 1946 ne
1316 1914 1567 1966 umquam.

259 1982 404 2042 Quod
439 1983 478 2031 si
514 2001 564 2030 το
599 1985 733 2051 phim
768 2003 852 2052 pro
889 2003 949 2051 τῳ
969 1998 1061 2045 squ?
1097 1986 1303 2052 accipere
1350 1985 1530 2050 placeat
1556 2020 1570 2044 2

258 2069 392 2118 idem
426 2071 549 2131 erit,
587 2087 640 2120 ac
674 2089 736 2121 ne
771 2074 881 2123 sibi.

361 2278 429 2334 (ι)
458 2280 551 2323 Lin.
583 2296 623 2324 2.
659 2296 727 2336 27.
761 2283 824 2337 (2)
854 2283 946 2323 Lin.
982 2296 1045 2321 ια.
1082 2279 1144 2321 ι8.
1178 2294 1244 2334 27.
1277 2279 1343 2319 28.
1377 2279 1443 2335 (3)
1473 2278 1565 2319 Lin.

261 2366 323 2393 22.
359 2352 425 2392 26.
450 2351 514 2409 (4)
533 2354 624 2393 Lin.
650 2368 716 2408 29.
739 2354 807 2409 (5)
827 2354 916 2396 Lin.
943 2357 1005 2396 15.
1028 2355 1094 2411 (6)
1112 2354 1204 2395 Lin.
1221 2353 1288 2394 28.
1310 2354 1371 2408 (7)
1386 2356 1476 2393 Lin.
1500 2353 1564 2392 25.
