1643 2812
1287 187 1352 235 83

51 269 170 319 dum
207 270 360 318 animo
392 263 566 316 tulisse.
607 261 753 313 Cuius
788 267 855 314 rei
895 274 1249 332 argumentum,
1298 288 1350 318 ac

49 359 191 407 veluti
230 354 584 423 praerogativam
620 368 754 398 sumo
790 359 892 398 tum
929 352 986 398 ab
1021 353 1119 418 ipsa
1163 353 1351 402 Plebei-

47 447 150 494 sciti
188 442 415 492 oblivione
444 478 456 499 ‚
488 441 629 489 cuius
666 440 815 486 altum
852 431 977 505 apud.
1013 440 1270 514 §ci-iptores
1291 443 1349 490 si-

47 531 268 588 lentium,
305 537 405 574 tum
441 528 497 574 ab
534 527 787 591 exemplari
823 527 960 574 unico
1008 544 1197 592 prorsus
1251 529 1347 576 Ta-

47 619 181 667 bulae
214 623 389 663 nostrae
439 612 727 679 Oppidensis
758 650 771 672 ,
826 612 953 680 quod
1002 615 1123 661 forte
1167 615 1347 663 fortuna

48 704 250 752 abditum
272 737 285 759 ‚
325 710 667 767 servatumque,
698 709 763 747 tot
797 700 888 746 iam
925 701 1095 750 seculis
1120 700 1311 766 dilapsis
1330 738 1345 761 ,

48 787 226 839 tandem
264 786 513 852 aliquando
551 787 645 833 suis
682 804 707 833 e
743 786 998 836 visceribus
1035 786 1177 834 tellus
1233 804 1343 852 pro-

46 874 161 924 didit
193 869 508 921 Lucanorum.
557 872 702 920 Eccui
753 874 928 920 etenim
983 874 1095 921 haec
1138 872 1351 920 audienti.

43 978 129 1008 non
162 961 317 1007 statim
364 961 413 1007 in
447 968 659 1006 mentem
697 959 852 1007 veniat
905 958 1125 1008 Livianae
1185 977 1345 1006 narra-

39 1047 169 1096 tionis
206 1044 284 1111 (1)
310 1084 324 1105 ,
363 1065 454 1113 qua
491 1047 719 1093 docemur
745 1082 758 1103 ‚
796 1043 857 1091 ad.
893 1045 1083 1092 Aediles
1119 1045 1338 1111 plebeOS,

34 1133 90 1182 L.
128 1132 287 1179 Valer.
328 1141 373 1179 et
408 1133 476 1180 M.
518 1132 709 1179 Horatio
727 1131 865 1179 Coss.¹
897 1133 946 1180 in
983 1132 1167 1180 Aedem
1201 1132 1342 1179 Cere·

32 1222 94 1269 ris
130 1218 543 1267 benatusconsulta
582 1218 739 1266 delata
761 1256 774 1278 ,
814 1235 933 1285 quae
969 1227 1073 1266 ante
1095 1257 1108 1280 .,
1158 1219 1340 1266 Consu-

32 1304 131 1353 lum
167 1305 360 1353 arbitrio
382 1344 395 1365 .,
434 1305 706 1370 interpolari
734 1343 748 1366 ,
789 1313 866 1352 aut
891 1306 1122 1372 supprimi
1149 1308 1344 1355 omnino

33 1392 350 1441 consuerant?
387 1392 488 1440 Cur.
536 1400 694 1438 autem
738 1391 799 1439 de
834 1391 1032 1440 Senatus
1080 1393 1303 1442 consultis
1326 1430 1339 1452 ,

34 1498 175 1545 quam
208 1480 268 1526 de
309 1479 570 1526 Plebiscitis
604 1480 759 1544 potius
783 1515 797 1538 ‚
835 1480 1127 1527 mentionem
1167 1479 1342 1526 iniiciat

32 1567 283 1617 Patavinus
306 1604 320 1627 ‚
356 1566 489 1632 plane
507 1583 600 1613 non
614 1566 770 1614 video.
796 1564 1006 1631 Utraque
1021 1566 1188 1614 saltem
1213 1582 1340 1614 com-

32 1654 200 1720 plexus
236 1661 366 1700 esset.
407 1652 527 1699 Nam
574 1652 864 1717 Pomponius
925 1660 1084 1699 contra
1138 1654 1300 1700 asserit
1323 1690 1336 1713 ,

33 1739 278 1803 multoque
310 1740 359 1785 in
394 1741 597 1806 speciem
656 1756 767 1789 vero
817 1739 1017 1787 similius
1047 1777 1060 1799 ‚
1122 1756 1229 1787 cum
1277 1738 1337 1786 de

33 1824 236 1873 Plebeiis
258 1863 272 1885 ‚
309 1843 399 1873 non
435 1825 496 1873 de
546 1825 804 1873 Curulibus
853 1812 1098 1872 Aedilibus
1134 1835 1301 1892 agatur
1320 1845 1334 1884 ;

35 1928 117 1960 eos
151 1922 367 1971 creatos,
407 1916 493 1980 qui
527 1913 741 1961 aedibus
772 1924 1064 1979 praeessent
1086 1950 1100 1970 .,
1138 1916 1189 1959 ἱη
1226 1922 1343 1981 ςμῑ,Δ

34 1996 124 2045 bus
157 2001 320 2046 omnia
355 1997 541 2045 SCITA
576 1997 698 2046 SVA
730 1999 868 2064 plebs
905 1998 1169 2066 deferebat
1229 1997 1334 2064 (μὴ.

34 2082 95 2129 At
131 2083 168 2130 si
203 2084 332 2133 cuius
366 2084 603 2133 Plebjsciti
640 2085 797 2133 Patres
833 2094 1096 2150 pertaesum
1142 2085 1294 2132 fuerat
1322 2123 1336 2145 ‚

139 2271 205 2327 (1)
231 2273 322 2313 Lib.
355 2275 428 2315 ΠΙ.
462 2275 564 2329 Cap.
596 2275 663 2317 26.

138 2342 204 2397 (2)
233 2344 296 2385 De
324 2346 438 2400 Orig.
470 2345 555 2387 Iur.
