1643 2812
1378 198 1442 263 57

159 287 421 353 municipali
456 283 604 331 adhuc
639 280 868 345 dignitate
891 277 1073 345 pollens
1099 281 1278 348 aequali
1297 282 1446 347 quod·

156 371 408 422 dammodo
442 386 545 415 cum
578 368 779 415 romanis
832 368 931 414 iure
966 368 1036 415 uti
1094 367 1368 425 videretur3
1408 368 1447 416 si

157 467 307 507 tamen
326 471 340 512 ',
367 452 494 519 quod
528 468 598 498 res
635 460 733 509 est,
760 450 1124 508 consideremus,
1164 450 1353 499 illorum
1380 452 1452 499 ‹li-

161 543 270 593 tioni
292 538 474 588 suberat
494 555 667 587 revera.
707 537 850 583 Eccui
889 537 1030 604 igitur
1055 555 1147 584 non
1170 538 1325 585 statim
1346 537 1451 584 sub-

163 629 288 683 olet,
327 624 509 674 foedera
547 625 662 671 haec
698 624 939 688 utrimque
977 631 1054 671 aut
1090 624 1201 671 inita
1224 661 1238 682 ,
1267 631 1348 670 aut
1371 641 1446 669 re-

157 720 316 760 novata
346 747 358 768 ‚
400 710 446 757 in
483 710 682 776 speciem
717 709 911 774 quidem
970 708 1032 755 ad
1079 708 1210 776 vulgi
1269 710 1449 757 animos

151 794 377 847 sedandos
401 832 412 851 ,
452 811 501 840 re
537 805 693 841 tamen
729 794 821 858 ipsa
860 794 921 841 ad
956 793 1238 861 aliudlonge
1261 795 1450 861 gravius

151 899 202 930 ac
236 880 574 928 formidolosius
609 879 885 946 respexisse?
922 880 1152 928 Errabat
1186 882 1354 929 multis
1400 886 1455 929 in

149 969 298 1017 rebus
334 968 622 1037 Antiquiias
645 1006 657 1028 ,
695 968 760 1015 sic,
784 966 968 1014 Tullius
983 966 1321 1032 sapientissime
1339 967 1417 1034 (1)
1439 987 1449 1017 z

143 1059 388 1102 retineim‘
440 1066 606 1103 autem
641 1064 689 1101 et
724 1055 795 1102 ad
828 1057 1104 1118 opinionem
1128 1054 1291 1119 vulgi,
1313 1065 1360 1100 et
1383 1055 1457 1102 ad

147 1158 358 1205 magnas
393 1141 634 1188 utilitates
675 1139 1000 1205 Reipublicae
1043 1155 1147 1187 mos
1169 1175 1183 1198 ,
1232 1140 1415 1204 religio
1437 1178 1451 1200 ,

145 1227 413 1293 disciplina
436 1262 449 1284 ‚
487 1231 566 1274 ius
600 1226 879 1289 Augurum.

282 1312 441 1359 Paucis
476 1331 601 1359 nune
636 1311 834 1359 foederis
870 1311 1008 1358 huius
1067 1311 1215 1376 capita
1239 1348 1251 1368 ‚
1314 1330 1457 1379 quan-

146 1405 245 1445 tum
270 1400 445 1464 assequi
465 1399 725 1446 coniectura
754 1415 1001 1463 παχιτερως
1023 1386 1188 1446 saltem
1213 1397 1419 1447 valemus
1438 1436 1453 1458 ‚

147 1481 330 1530 lectoris
364 1484 506 1531 oculis
543 1485 733 1531 subiicia
743 1500 862 1531 mus,

285 1568 324 1616 I.
365 1569 562 1616 Romani
591 1608 604 1629 ,
643 1571 1023 1636 Laurentesque,
1059 1577 1113 1617 ut
1145 1570 1323 1635 priscae
1361 1568 1454 1617 ori-

147 1655 270 1723 ginis
304 1656 383 1702 abs
416 1655 629 1714 Latinis,
671 1657 958 1721 Teucrisque
982 1692 993 1712 ,
1033 1655 1188 1703 Aenea
1225 1666 1411 1705 auctore
1439 1696 1452 1716 ,

150 1742 318 1789 ductae
350 1742 648 1788 meminerint
674 1780 685 1799 ,
708 1741 898 1807 eiusque
912 1741 1010 1788 iura
1035 1749 1080 1788 et
1097 1753 1452 1810 recognoscant,

149 1834 199 1874 et
232 1827 472 1876 observent
508 1829 808 1875 sanctissime.

284 1911 344 1960 II.
384 1914 679 1962 Meminerint
713 1923 898 1971 tamen,
939 1913 1135 1962 Romani
1170 1900 1415 1982 praecipue
1438 1955 1452 1977 ,

146 1998 372 2046 occidisse
407 1999 594 2046 Troiam
615 2016 724 2046 cum
758 1999 947 2047 nomine
982 2001 1082 2065 ipso
1103 2038 1117 2060 ,
1143 2002 1278 2050 cuius
1312 2003 1458 2050 fortu-

147 2101 257 2132 nam
279 2122 292 2144 ‚
330 2084 510 2133 Iunone
544 2084 744 2132 ducente
769 2122 783 2143 ,
834 2085 954 2132 tristi
989 2085 1120 2133 clade
1169 2085 1457 2146 iterandam,

150 2170 188 2219 si
223 2170 323 2237 quis
357 2159 465 2216 alite
501 2169 693 2237 lugubri
727 2171 827 2218 eius
861 2179 979 2219 tecta
1012 2188 1222 2238 reparare
1269 2172 1318 2219 in
1365 2173 1460 2221 ani·

149 2269 282 2303 mum
316 2254 568 2304 induxerit.

269 2407 332 2462 (ι)
359 2409 422 2452 De
449 2410 631 2453 Divinat.
662 2409 757 2451 Lib.
790 2410 824 2451 Ι.
855 2423 896 2449 n.
927 2408 995 2463 69.
