1643 2812
1311 152 1374 209 45

81 246 145 292 cit
173 280 185 301 ,
225 238 465 289 Cluverius
486 274 497 295 ‚
538 235 623 283 sibi
647 238 954 301 sumpsissent
984 254 995 283 z
1026 236 1231 282 Aeneam
1254 272 1267 291 ‚
1298 238 1379 301 ciui

81 348 136 378 eo
175 345 317 394 usque
352 325 623 371 Latinos-um
661 340 709 369 se
755 312 1094 387 obsequentem
1150 322 1377 388 praebue-

83 425 153 464 rat
180 453 191 474 ‚
227 406 416 466 modicis
451 410 587 476 plane
623 409 804 466 viribus
841 410 890 455 in
943 407 1240 457 Laurentum
1291 411 1378 458 im·

82 518 256 550 measse
287 499 411 547 sinus
439 536 449 556 ‚
492 498 574 545 ubi
609 515 688 556 se,
728 515 932 565 suosque
969 497 1151 546 consilii
1175 497 1379 545 dexteri-

85 598 130 636 te
164 586 300 651 magis
325 624 337 644 ⁷
387 604 439 633 ac
473 584 803 651 indigenarum
851 584 1146 650 indulgentia
1171 622 1182 644 ‚
1235 603 1381 652 quam

85 673 313 737 copiarum
351 671 445 720 sive
480 688 677 717 numero
705 708 717 728 ,
757 671 853 718 sive
891 672 1171 735 praestantia
1193 708 1206 730 ‚
1234 673 1381 719 tuitus

84 767 159 807 est.
197 757 326 805 Addi
360 755 420 803 ad
458 756 569 804 haec
605 765 784 822 poterat
806 793 818 814 ,
848 755 1074 804 Troianos
1110 756 1381 823 Aborigini-

80 847 160 894 bus
198 844 352 891 adhuc
388 853 492 910 post
528 845 684 893 iuncta
723 843 909 893 foedera
945 853 1177 909 suspectos
1203 843 1381 906 fuisse,

77 939 128 977 ut
161 941 346 978 mortuo
382 931 563 992 Aenea,
602 931 799 981 Lavinia
821 969 834 989 ‚
873 932 1059 978 Ascanii
1083 940 1213 980 metu
1234 968 1246 989 ,
1277 946 1383 978 cum

73 1016 267 1082 parvulo
301 1016 451 1066 silvio
488 1026 633 1065 mater
656 1018 703 1063 in
732 1015 867 1065 siivas
891 1034 987 1063 sese
1010 1015 1246 1063 abdiderit
1266 1054 1277 1074 ‚
1305 1017 1383 1063 cui

72 1103 264 1151 demum
283 1101 431 1152 Silvio
457 1104 631 1162 eidem,
658 1111 757 1150 orta
776 1103 929 1167 ipsum
947 1104 1080 1161 inter,
1105 1102 1382 1150 Ascanium-

74 1207 164 1255 que
201 1190 261 1237 de
297 1206 441 1256 regno
477 1190 802 1250 contentione,
840 1189 1142 1256 popularium
1186 1206 1382 1237 consen-

73 1293 127 1322 su
162 1293 361 1342 regnum
396 1284 464 1321 est
498 1274 758 1323 adsertum.

210 1361 327 1420 Quis
364 1379 472 1411 vero
510 1362 740 1409 Bocharto
765 1362 907 1409 aienti
939 1361 1213 1410 assentiatur
1236 1362 1384 1421 ,nihil

73 1447 263 1515 Phrygii
305 1450 480 1515 saporis
508 1486 520 1508 ‚
560 1449 826 1513 troicaeque
867 1448 1062 1515 originis
1099 1465 1154 1495 ex
1200 1448 1381 1496 Aeneae

74 1534 279 1582 adventu
314 1535 363 1581 in
406 1535 593 1582 Latium
642 1534 972 1602 immigrasse?
1010 1533 1132 1583 Nam
1167 1537 1381 1600 primum

76 1619 314 1685 Reyehius
349 1620 587 1667 contendit
635 1620 712 1688 (1)
738 1660 751 1681 .,
809 1622 1008 1668 troicum
1067 1621 1383 1669 idiomasola

77 1708 321 1755 dialectoa
358 1725 520 1774 graeco
556 1708 747 1756 distare.
786 1707 882 1755 Sed
919 1708 1036 1755 nihii
1064 1725 1181 1772 opus
1206 1716 1274 1755 est
1293 1706 1384 1755 du—

75 1795 150 1842 bia
187 1794 460 1857 conquirere
489 1833 501 1853 ,
552 1796 635 1842 ubi
685 1795 942 1841 certissima
990 1803 1261 1859 supersunt.
1314 1794 1387 1842 De

75 1881 256 1929 Aeneae
291 1880 340 1926 in
377 1880 566 1928 Ita!ian1
603 1881 808 1947 appulsu
846 1881 911 1928 sic
935 1881 1131 1946 Dionys.
1174 1879 1381 1928 Halicar-

74 1985 174 2015 nas.
203 1966 313 2033 (2):
354 1969 597 2017 adventas
630 1973 711 2017 sni
763 1969 920 2017 multa
974 1987 1083 2015 eum
1119 1968 1384 2036 reliquisse

79 2057 286 2119 vestigia
314 2091 328 2111 ‚
367 2072 479 2102 eum
516 2056 625 2102 alia
644 2092 676 2122 ,ι
697 2065 796 2102 ium
817 2057 966 2103 etiam
981 2054 1210 2119 phialam
1234 2072 1382 2103 aere-

187 2261 247 2314 (1)
277 2264 446 2304 Dissert.
481 2268 529 2306 de
555 2268 673 2321 prim.
708 2266 807 2308 Ital.
844 2266 986 2307 colon.
1021 2265 1121 2321 Cap.
1150 2266 1188 2318 I.

187 2332 251 2387 (2)
280 2334 367 2376 Lib.
403 2337 470 2379 LL
