1643 2812
1422 260 1469 292 11

176 332 269 380 lum
306 330 529 377 troianum
584 323 868 371 Graecorum
928 320 1132 370 coloniae
1165 323 1398 390 plurimae
1435 328 1481 373 jn

174 435 273 465 oras
308 414 483 462 italicas
520 411 744 459 invasere.
786 411 859 457 Ex
894 409 1063 476 quibus
1089 413 1250 476 ecquis
1288 413 1481 460 tandem

172 521 261 550 non
315 498 499 556 videat‚
555 505 784 562 quantum
835 497 946 544 inde
993 499 1251 564 graecanici
1306 501 1480 564 saporis

173 590 229 636 ad
245 589 532 651 primaevum
573 584 900 651 indigenarum
936 593 1195 631 nostrorum
1220 602 1482 632 sermonem

168 671 378 720 accedere
415 671 668 736 oportuerit
697 709 708 729 ⁷
750 687 804 716 ex
833 688 980 736 eoque
1011 670 1069 716 ad
1094 688 1317 736 graecum
1345 673 1482 720 vicis-

164 758 289 807 sim?
317 758 434 804 Hinc
457 758 630 804 factum.
658 757 817 821 procul
845 757 989 803 dubio
1008 795 1019 815 7
1043 767 1094 802 ut
1119 775 1235 823 quas
1263 776 1287 804 a
1304 760 1481 824 graecis

168 844 369 892 fontibus
407 844 702 911 grammatici
739 843 930 908 quidam
967 843 1147 909 antiqui
1184 861 1321 892 voces
1361 843 1481 890 deri-

167 932 346 989 varint,
397 930 585 977 easdem
622 929 699 975 alii
737 946 761 974 a
813 930 991 975 Latinis
1046 939 1346 977 arcesserent.
1399 930 1480 977 Sic

165 1017 311 1064 Varro
345 1017 401 1063 L.
445 1016 656 1064 Laelium
692 1015 994 1079 reprehendit
1016 1054 1028 1074 ‚
1049 1014 1176 1079 quod
1189 1017 1482 1065 vocabulum

161 1122 403 1169 graecum
441 1114 574 1152 vetus
601 1140 614 1161 ,
655 1102 943 1150 traductam
966 1106 1018 1148 in
1041 1103 1262 1168 linguam
1313 1121 1481 1151 roma-

162 1206 280 1238 nam
310 1207 404 1255 pro
441 1206 653 1248 MERACO,
693 1201 739 1236 et
767 1194 912 1258 qnasi
937 1207 1041 1237 ase
1070 1194 1302 1256 primitus
1323 1191 1480 1239 latine

145 1276 358 1345 sactum
372 1286 515 1335 esset,
529 1278 706 1324 resolvi
711 1288 727 1323 t
739 1282 789 1324 in
806 1294 946 1324 voees
961 1278 1151 1325 latinas
1165 1281 1363 1325 ratione
1380 1290 1483 1345 ety—

116 1367 118 1369 ’
162 1363 410 1426 molegica
429 1362 620 1428 salsa:
661 1362 880 1428 idemque
899 1363 946 1409 in
970 1362 1164 1412 vocibus
1185 1363 1285 1410 aliis
1324 1374 1480 1411 contra

163 1449 372 1496 Laelium
406 1448 627 1496 eumdem
648 1449 827 1496 efficere
852 1459 1065 1507 conatur.
1088 1448 1185 1496 Sed
1202 1459 1248 1497 et
1273 1451 1318 1496 in
1358 1450 1477 1498 Var-

164 1553 328 1584 ronem
367 1552 539 1582 serram
580 1536 836 1600 reciprocat
876 1535 1062 1582 Gellius
1101 1535 1219 1602 (a),
1278 1540 1361 1602 qui
1383 1539 1481 1605 fic·-

170 1640 273 1670 rem
310 1641 333 1668 a
341 1624 503 1689 furvo
529 1660 542 1681 ‚
585 1622 705 1668 idest
743 1632 857 1669 αίνο
875 1661 885 1679 ‚
908 1621 1134 1680 deducit,
1161 1640 1306 1687 quam
1331 1626 1481 1672 Varro

165 1727 192 1755 a
229 1726 388 1774 graeco
427 1722 511 1771 φωρ
566 1708 869 1772 repetendam
910 1709 1163 1754 existimat.
1211 1709 1279 1755 Ut
1333 1711 1480 1776 igitur

167 1812 221 1841 eo
258 1795 448 1854 redeat,
490 1812 583 1858 quo
621 1794 809 1842 divertit
845 1795 989 1840 oratio
1043 1796 1268 1860 tantisper
1296 1833 1308 1853 7
1360 1796 1484 1843 iliud

168 1898 224 1927 ex
262 1881 333 1927 his
370 1882 589 1928 omnibus
625 1897 862 1947 emergere
887 1880 1071 1944 liquido
1101 1881 1321 1941 videtur,
1366 1885 1483 1930 utin

168 1966 397 2027 maiorum
433 1976 701 2014 nostrorum
740 1965 1012 2032 deperditas
1036 1967 1289 2014 scrutando
1313 1967 1484 2016 dialec-

168 2059 236 2098 tos
266 2089 277 2109 ‚
321 2051 467 2099 Oscae
484 2091 497 2111 ,
536 2053 771 2100 Romanae
793 2091 804 2112 ‚
830 2053 1029 2100 Graecae
1054 2053 1241 2121 linguae
1260 2057 1484 2103 rationem

169 2140 215 2185 in
261 2141 426 2204 primis
465 2140 718 2187 habeamus
742 2178 753 2197 ,
794 2158 887 2187 non
903 2150 1062 2187 tamen
1085 2152 1236 2207 spreto
1257 2142 1448 2190 aliunde
1468 2182 1479 2204 2

170 2227 447 2292 sive-petito
471 2265 483 2286 ,
526 2228 622 2274 sive
660 2236 821 2293 sponte
859 2227 1014 2273 oblato
1051 2227 1257 2275 subsidio
1279 2267 1291 2288 ,
1335 2230 1393 2275 ab
1420 2229 1486 2274 O-

169 2313 314 2359 riente
348 2315 661 2378 potissimum.
712 2313 857 2379 Atqui
894 2323 947 2360 ut
986 2313 1179 2361 consilio
1217 2315 1327 2361 huic
1363 2325 1482 2363 cete-

169 2399 219 2443 r'a
256 2397 467 2445 deessent
497 2399 724 2465 praesidia
746 2437 759 2459 ,
798 2400 877 2448 vel
914 2399 1035 2447 illud
1058 2417 1211 2448 unum
1247 2400 1374 2466 apud
1409 2421 1482 2449 ae-
