1643 2812
277 170 369 221 170

270 237 470 308 cumque
504 251 710 290 monstra
728 239 959 290 vinaudita
981 280 994 302 ,
1031 241 1156 290 illud
1192 257 1377 310 quoque
1403 249 1577 297 accedit

267 327 582 389 incommodi,
622 330 754 396 quod
790 347 884 378 non
917 338 1100 378 tantum
1137 329 1339 378 dimidio
1374 331 1467 379 fere
1495 333 1577 381 de-

269 426 448 465 curtata
485 416 546 464 ad
581 435 663 465 nos
686 419 897 484 pervenit
918 455 933 478 ,
971 417 1056 466 sed
1081 436 1138 467 ne
1175 418 1348 465 lineam
1385 419 1578 485 quidem

268 521 408 551 unam
442 487 718 570 perpetuam
739 543 752 564 ‚
790 506 1112 572 integramque
1146 504 1310 551 lectori
1333 521 1414 552 suo
1450 506 1575 554 exhi-
1641 548 1643 571 ἲ

266 591 362 638 bet.
402 591 557 657 Atque
592 592 775 639 utinam
818 592 1115 658 hic-quoque
1159 591 1394 640 malorum
1429 594 1572 641 finis!

264 677 439 725 Videas
475 678 524 725 in
560 677 747 738 tabula,
775 686 1030 744 ‘tamquam
1066 696 1090 724 a
1125 678 1393 727 ‘continente
1435 678 1577 726 tellu-

264 781 315 812 re
351 763 556 814 divulsas
596 764 801 824 insulas,
839 766 903 812 sic
925 782 1007 831 per
1040 763 1206 832 longos
1240 765 1410 812 hiatus.
1430 764 1568 813 disie-

264 860 358 898 ctas
379 887 396 912 .,
432 870 484 898 ac
516 850 665 899 veluti
702 859 913 898 natantes
951 850 1201 916 particulas
1237 852 1500 917 quasdam,
1551 870 1576 900 e

266 938 442 1002 quibus
495 937 665 985 frustra
701 937 758 983 sit
800 937 1013 1002 quisquis
1070 936 1176 985 elici
1214 938 1396 1005 aliquid
1422 976 1437 1000 ‚
1498 947 1579 990 aut

232 1041 238 1047 ·
268 1024 466 1074 extundi
499 1041 634 1090 posse
671 1023 760 1071 sibi
796 1023 1017 1083 suadeat,
1056 1022 1188 1089 quod
1209 1024 1419 1091 reliquae
1440 1026 1578 1073 tabu-

263 1113 334 1160 lae
368 1114 653 1168 sententiae,
695 1112 946 1176 eidemque
973 1110 1308 1159 incertissimae
1331 1111 1571 1172 hactenus,

257 1207 509 1268 congruat(
540 1199 717 1246 Videas
754 1206 799 1246 et
836 1197 1051 1261 temporis
1077 1197 1252 1245 iniuria
1270 1235 1282 1256 ‚
1319 1215 1437 1264 quae
1463 1216 1574 1248 con-

261 1289 458 1336 iunctim
481 1287 682 1355 legenda
696 1294 805 1333 sunt
820 1323 832 1343 ,
855 1294 936 1334 aut
956 1285 1213 1350 spatiorum
1232 1284 1463 1333 laxatione
1482 1285 1576 1333 dis-

259 1373 439 1420 siluisse
461 1410 475 1432 ,
515 1382 593 1419 aut
611 1381 895 1435 punctorum
919 1371 1067 1438 specie
1090 1371 1313 1420 mendaci
1332 1372 1568 1419 distermi-

256 1470 392 1519 nata3
436 1471 481 1508 et
517 1478 573 1509 ex
610 1460 804 1508 adverso
840 1461 893 1506 in
929 1476 1079 1506 unum
1105 1466 1371 1523 compacta,
1400 1476 1452 1505 ac
1475 1458 1572 1505 fer-

255 1547 490 1595 ruminata
509 1585 521 1606 ‚
561 1565 680 1615 quae
718 1556 814 1595 toto
849 1546 975 1594 caelo
995 1584 1007 1605 ,
1033 1555 1087 1593 ut
1121 1547 1186 1592 ita
1211 1544 1366 1592 dicam
1383 1581 1397 1603 ‚
1422 1543 1569 1593 dista-

257 1653 307 1683 re
330 1673 344 1694 ‚
383 1634 707 1701 distinguique
734 1636 854 1683 inter
872 1650 919 1682 se
938 1641 1219 1698 oportuerat.
1259 1632 1358 1680 Sed
1375 1650 1432 1680 ne
1467 1631 1573 1680 lon—

260 1739 376 1788 gum
411 1721 607 1769 faciam:
635 1739 778 1788 quam
797 1720 922 1768 male
944 1719 1120 1767 aseclis
1135 1719 1302 1766 abhinc
1319 1719 1415 1766 fere
1440 1719 1566 1766 MM.

261 1807 448 1854 tabulae
482 1816 664 1855 nostrae
693 1808 875 1866 fueritg
917 1811 1117 1872 quantae
1154 1804 1320 1852 exhinc
1354 1804 1573 1852 inductae

259 1894 310 1941 in
347 1911 451 1940 eam
487 1893 779 1954 luxationes,
817 1894 1100 1960 hiatusque,
1138 1902 1310 1957 quanta
1345 1908 1441 1939 uno
1467 1908 1573 1940 ver-

248 1980 323 2028 ho
359 1999 453 2028 non
488 1999 656 2029 vocum
692 1981 938 2031 dumtaxat
965 2019 976 2039 ‚
998 1980 1332 2047 literarumque
1355 2017 1368 2038 ‚
1398 1978 1481 2026 sed
1512 1977 1573 2024 li-

258 2087 454 2117 nearum
483 2070 545 2116 ad
582 2081 721 2116 unam
754 2071 965 2117 omnium
1000 2068 1156 2116 clades
1176 2086 1202 2113 a
1226 2083 1408 2115 summo
1431 2064 1571 2113 deor-

258 2174 394 2215 sum,
433 2173 570 2223 supra
597 2194 611 2215 ‚
649 2157 801 2217 infra,
839 2158 1031 2215 dextra,
1084 2155 1297 2203 sinistra:
1339 2156 1441 2218 ipsa
1485 2169 1568 2218 per

258 2261 307 2293 se
341 2243 502 2291 tabula
527 2243 752 2293 lectorem
768 2245 920 2294 multo
956 2243 1120 2293 melius
1156 2241 1343 2290 docebit
1378 2240 1474 2288 suis
1510 2257 1565 2285 u-

255 2338 434 2381 tentem
451 2332 596 2380 oculis
624 2372 638 2394 ,
674 2352 818 2399 quam
863 2333 954 2398 ipsi
969 2332 1138 2398 exequi
1154 2331 1360 2380 oratione
1379 2366 1396 2391 ‚
1439 2343 1561 2374 com·

257 2419 492 2487 plectique
525 2439 658 2487 posse
691 2420 991 2487 confidamus,
