1643 2812
221 143 310 182 120

212 218 353 266 fallor
376 254 389 277 ,
428 213 648 282 colligere
673 219 798 262 certo
834 210 1014 262 datur:
1053 213 1103 259 in
1140 207 1299 261 tabula
1321 210 1411 258 hac
1444 228 1533 260 nod

215 314 307 353 stra
344 301 610 370 Oppidensi
636 340 650 364 ,
690 299 915 367 idemque
950 307 1102 347 statuo
1137 298 1199 346 cle
1251 298 1415 346 ceteris
1450 316 1537 346 no-

215 394 320 440 stris
356 390 692 441 vetustioribus
731 388 1051 435 monumentis
1078 425 1092 447 ‚
1130 386 1300 435 frustra
1351 403 1429 434 eos
1466 403 1539 433 es-

215 497 261 528 se
300 487 512 544 oportere
533 514 546 536 ,
587 476 668 542 qui
706 473 898 522 aliunde
917 512 931 535 ‚
959 492 1101 540 quam
1127 491 1186 521 ex
1207 475 1383 542 graecis
1405 489 1538 539 prae—

216 567 385 632 cipue⁷
438 565 587 624 oscis,
631 562 883 631 latinisque
929 561 1138 609 fontibus
1192 562 1424 609 auxilium
1460 578 1542 626 pe-

213 662 347 711 tunt;
391 669 589 716 eosque,
631 651 715 715 qui
753 652 800 696 in
837 648 1056 696 Boreales
1097 649 1159 695 acl
1196 647 1247 695 id
1277 686 1288 706 ‚
1330 646 1540 694 Orienta—

211 739 373 805 lesque
391 738 552 804 plagas
576 737 710 803 longa
737 737 1001 802 suscipiunt
1020 736 1189 783 itinera
1210 773 1221 793 ,
1252 752 1347 782 non
1382 735 1543 782 minus

209 824 333 872 belle
371 825 520 871 faeere
543 859 555 880 ,
596 840 743 888 quam
781 824 865 889 qui
905 822 1112 870 familiae
1145 822 1350 888 quisque
1386 838 1494 868 suae
1522 857 1534 879 ‚

210 913 455 978 gentisque
492 909 726 974 originem
760 909 1162 975 pervestigaturus
1194 946 1209 969 ,
1243 908 1306 956 ad.
1344 908 1542 956 humani

208 997 388 1066 generis
424 1003 671 1061 parentem
707 992 862 1040 Adam
897 1003 1189 1060 provocaret.

346 1079 422 1130 Ad
441 1097 663 1148 graecum
698 1080 877 1127 interea
909 1081 1087 1128 idioma
1111 1079 1244 1146 quod
1267 1083 1433 1130 attinet
1452 1097 1539 1148 pro

209 1169 472 1238 praesenti,
513 1186 608 1215 non
645 1167 726 1214 abs
763 1185 812 1214 re
848 1166 992 1214 fuerit
1018 1205 1032 1226 .,
1071 1166 1198 1214 illud
1231 1184 1345 1235 prae
1388 1167 1539 1218 oculis

210 1256 404 1311 habere,
447 1252 578 1318 quod
613 1251 674 1301 de
709 1253 910 1300 Lucanis
945 1260 1142 1300 testatur
1164 1253 1441 1320 Porphirion
1478 1253 1540 1303 ad

213 1341 397 1390 Horatii
430 1339 584 1388 Serm.
626 1337 665 1384 I.
709 1355 786 1386 eos
822 1355 991 1404 nempe
1026 1339 1158 1386 iuxta
1181 1377 1192 1396 ,
1235 1358 1286 1389 ac
1310 1341 1532 1401 Brutios„

209 1428 514 1496 Apulosque,
554 1425 744 1472 tametsi
768 1441 875 1472 osce
910 1423 1216 1491 loquerentur
1239 1464 1250 1483 ‚
1280 1445 1445 1494 graeco
1465 1438 1536 1476 et—

208 1515 305 1562 iam
359 1531 465 1562 usos
501 1513 646 1559 fuisse
684 1511 912 1558 idiomate
941 1549 955 1571 ‚
994 1529 1142 1578 eoque
1183 1513 1350 1564 dictos
1390 1515 1536 1563 bilin-

149 1619 158 1628 *
210 1618 362 1666 gaes,
403 1599 541 1668 quod
577 1596 802 1663 JlIagnae
843 1598 1099 1648 Graeciae
1142 1611 1307 1650 essent
1341 1612 1537 1651 conter-

210 1692 348 1737 mini.

346 1775 419 1822 De
456 1772 640 1838 syntaxi
676 1789 770 1819 non
807 1781 876 1820 est
897 1809 910 1833 ‚
947 1773 1086 1839 quod.
1134 1772 1352 1842 pluribus
1388 1775 1531 1824 lecto-

208 1879 308 1910 rem
344 1877 541 1918 morer3
581 1877 699 1925 quae
719 1868 821 1907 tum
856 1876 1132 1927 graecorum
1157 1898 1171 1922 ,
1223 1871 1326 1909 tum
1360 1862 1533 1910 latinoq

210 1967 320 1997 rum
357 1950 408 1995 in
434 1949 626 2014 primis,
666 1965 844 1994 morem
862 1948 1087 1996 imitatur.
1128 1948 1356 1997 Ceterum
1390 1963 1530 1997 nemo

205 2053 329 2083 unus
368 2036 418 2082 in
454 2033 567 2081 rudi
603 2033 764 2100 lingua
801 2033 1056 2100 elegantiae
1093 2034 1309 2082 flosculos
1340 2036 1533 2102 quaesi-

204 2133 308 2170 tum
343 2122 458 2180 ibit,
501 2137 617 2187 quos
657 2138 810 2187 neque
847 2123 897 2168 in
934 2130 1092 2170 vetere
1129 2139 1320 2190 graeca,
1344 2133 1425 2171 aut
1448 2140 1529 2172 ro-

201 2226 338 2260 ¹mana
368 2245 380 2266 ,
421 2216 502 2255 aut
528 2216 705 2255 etrusca
724 2247 737 2268 ‚
760 2216 842 2254 aut
867 2208 957 2256 alia
992 2207 1185 2257 demum
1205 2212 1369 2277 quavis
1394 2209 1524 2277 paul-

205 2295 255 2345 lo
287 2296 554 2353 remotioris
608 2296 905 2364 antiquitatis
955 2296 1202 2369 exquirere
1238 2299 1330 2350 viri
1364 2297 1526 2346 erudi-
