1643 2812
1298 201 1355 247 91

66 275 378 338 DEOSQVE.
430 279 654 338 penates.
709 285 780 317 se.
834 269 985 335 qzcocl.
1042 260 1395 333 ορονίΕΒῙΤᾎι

67 359 427 414 FACTVRVM.
468 356 706 417 NEQVE.
747 355 920 401 SESE.
979 355 1359 403 ADVORSWJ.

73 453 154 500 Η..
175 453 229 498 L.
267 443 631 494 FACTVRVM.
673 441 1023 489 SCIENTEM.
1064 443 1123 489 D.
1164 425 1364 490 M.'NE-

68 540 213 601 QVE.
251 534 342 580 SE.
380 530 516 578 ESE.
554 530 661 596 (ι).
701 529 1073 576 FACTVRVM.
1116 530 1355 590 NEQVE.

70 612 579 672 INTERCESVRVM.

200 704 361 770 Qum.
399 702 506 749 EX.
549 701 611 748 Η.
652 702 708 748 L.
752 699 906 749 NON.
940 702 1360 751 IOVRAVERIT.

71 792 139 841 IS.
176 788 670 838 MAGISTRATVM.
731 786 1157 838 INPERIVMVE.
1224 791 1358 838 NEI.

68 916 194 959 Curuli
225 916 242 970 )
272 931 294 955 a
323 915 505 955 Tribuno
542 915 641 952 item
686 912 827 951 Plebei
852 941 862 959 ‚
897 913 1120 962 Quaestore
1140 943 1152 960 .,
1188 914 1256 967 qui
1289 914 1393 967 sibi*

65 1002 307 1029 successurus
343 1000 493 1038 nempe
541 984 704 1032 fuerat,
739 984 972 1023 Triumviro
1018 985 1215 1038 capitali,
1246 982 1366 1026 Invi-

61 1074 101 1100 το
131 1059 180 1100 ad
209 1059 350 1098 Aerar.
380 1057 667 1110 Iudscibusque
681 1056 784 1096 datis
807 1069 881 1109 pro
903 1058 1194 1096 controversiis
1214 1059 1368 1096 vestia-

58 1132 123 1172 riis
140 1147 158 1179 ‚·
182 1139 226 1170 ut
253 1129 393 1185 paullo
425 1139 518 1184 post
546 1128 774 1170 videbimus
796 1155 808 1175 ,
840 1142 939 1180 quas
970 1138 1009 1166 et
1039 1127 1148 1181 apud
1174 1132 1307 1181 ipsum
1327 1145 1368 1168 a·

59 1206 97 1258 gi
127 1202 216 1256 lege
247 1203 472 1256 oportuisse
494 1231 505 1249 ,
536 1201 710 1255 patebit.
755 1201 847 1250 Quo
879 1204 1011 1240 minus
1054 1199 1264 1253 probanda
1293 1201 1369 1241 do-

57 1276 222 1316 ctissimi
261 1273 387 1314 Aulae
417 1276 542 1314 nostri
564 1276 760 1312 sententia
781 1275 1044 1324 Quaesturam
1067 1272 1135 1311 abs
1165 1274 1370 1326 magistra-

57 1356 141 1386 tum
171 1345 349 1398 catalogo
381 1350 648 1399 expungentis
678 1346 772 1385 ideo
793 1374 805 1396 ,
838 1345 947 1399 quod
977 1349 1062 1385 iure
1083 1346 1362 1397 prehensiom‘s

59 1419 232 1458 carebat.
266 1416 405 1472 Atqui,
438 1419 547 1471 Lege
578 1416 763 1457 Cornelia
785 1445 797 1466 ‚
828 1420 1054 1469 Quaestum
1075 1419 1368 1469 magistratibus

58 1491 358 1539 adnumeratur,
390 1490 578 1545 quodque
609 1490 677 1529 ille
709 1500 911 1529 caussatur
930 1520 940 1539 ‚
970 1491 1057 1529 iure
1086 1492 1368 1543 prehensionis

64 1564 240 1602 caruisse
259 1564 520 1612 Quaestorem
537 1589 550 1611 ‚
572 1561 611 1601 id
634 1563 778 1617 probat
792 1590 803 1611 ‚
825 1563 1125 1615 magistratibus
1148 1564 1370 1603 minoribus

63 1633 180 1674 illum
205 1634 686 1688 accensendum‚ali0qui‚
705 1648 780 1673 nec
797 1633 963 1674 Aed1les
978 1632 1146 1674 Curules
1162 1636 1370 1688 magistra-

67 1713 130 1745 tus
159 1705 320 1745 fuissent
340 1734 352 1754 ‚
383 1705 490 1760 quod
509 1709 574 1746 vir
593 1705 733 1746 doetus
766 1706 976 1746 adfirmare
995 1719 1075 1744 non
1097 1705 1232 1746 audet.
1255 1706 1366 1758 Quid

61 1776 206 1830 plura?
236 1776 301 1818 En
320 1779 510 1818 Varronis
539 1778 675 1818 locum
697 1776 803 1831 apud
835 1777 946 1818 Gell.
969 1778 1049 1833 loc.
1086 1792 1175 1832 sup.
1213 1780 1283 1818 cit.
1315 1779 1371 1818 In

63 1849 299 1902 magistratu
330 1852 476 1892 habent
505 1851 583 1891 ahi
612 1851 856 1890 vocationem
878 1879 889 1898 ‚
922 1852 995 1890 aliz
1024 1852 1332 1904 prehensionem
1352 1882 1367 1904 ,

65 1924 145 1962 alii
162 1930 361 1964 neutrum:
395 1927 649 1965 vocationem
670 1951 682 1971 ‚
712 1930 752 1963 ui
784 1923 898 1963 Coss.
934 1930 970 1962 el
1006 1925 1161 1973 ceteri,
1194 1928 1260 1978 qui
1290 1926 1367 1964 ha-

72 1998 164 2038 bent
191 1999 397 2052 imperium
413 2025 423 2045 7
449 1999 776 2048 prehensionem‚
799 2002 839 2034 ut
867 1995 975 2034 Trib.
997 1996 1063 2034 Pl.
1086 2025 1095 2039 ,
1119 2003 1155 2035 el
1175 1998 1248 2035 cdii
1268 2027 1277 2046 ‚
1304 2000 1372 2050 qui

66 2070 213 2110 habent
247 2070 482 2110 Viatorem:
517 2083 640 2123 neque
670 2071 914 2109 vocationem
937 2097 947 2116 ‚
969 2085 1097 2124 neque
1129 2070 1365 2123 prehensio—

70 2156 169 2191 nem,
191 2149 230 2181 ut
251 2143 425 2196 Quaest3
448 2148 484 2181 ei
503 2143 640 2191 celeri,
656 2145 723 2197 qui
740 2156 865 2196 neque
887 2143 1083 2181 Lictorem
1105 2142 1269 2189 habent,
1296 2156 1368 2181 ne·

63 2228 136 2268 que
166 2215 384 2256 Viatorem.

170 2284 234 2340 (1)
264 2287 347 2326 Ese
376 2301 449 2342 pro
480 2301 587 2336 esse,
619 2287 673 2325 uti
704 2287 924 2339 sufragium
947 2300 1018 2341 pro
1041 2287 1297 2341 suffragium,
1322 2296 1364 2326 et

66 2359 348 2399 intercesurnm
375 2373 450 2414 pro
481 2359 802 2400 intercessuram.
