1643 2812
1321 154 1383 201 33

75 248 232 298 veniat
257 283 270 306 ‚
307 258 358 290 το
390 234 594 287 PRAIF.
640 235 681 282 I.
722 234 785 282 D.
826 235 990 282 mitius
1044 237 1387 301 interpretandi

53 334 136 381 ‘de
171 350 263 380 uno
298 327 452 392 aliquo
488 324 583 373 sive
620 321 824 372 IIvirum
849 360 859 380 ‚
902 339 1018 388 quos
1058 323 1190 371 aiunt
1213 362 1227 383 ‚
1291 323 1385 373 sive

77 419 322 467 IIIIvirum
351 412 387 459 I.
428 411 501 469 D;
545 411 582 457 is
617 409 916 468 meminerit,
952 412 1053 458 voci
1072 408 1243 477 Prag'f.
1273 408 1379 456 nul-

76 507 171 555 lam
191 501 375 571 praefigi
389 506 551 547 notam
566 496 864 546 numeralem
882 514 1003 563 ,qua
1025 495 1086 544 ad.
1111 481 1388 545 alterutram

73 593 194 642 trahi
231 586 620 654 significationem
657 585 850 632 fortasse
888 594 1047 650 queat.
1107 583 1211 632 Stat
1244 585 1379 651 igitm

76 695 162 730 vox
201 673 281 721 illa
315 689 400 739 pro
434 688 527 718 uno
551 709 564 731 ,
612 672 857 736 strictique
895 670 1100 717 nominis
1147 670 1386 719 Praefecto

78 765 118 812 I.
133 762 189 809 D.
216 760 298 825 qui
316 748 466 806 Roma
487 758 547 805 ad
566 758 885 805 Praefecturas
908 758 1032 804 mitti
1058 766 1382 807 consueveram

206 846 291 895 IN.
331 845 519 893 VRBE.
559 843 853 891 LAVINIO.
895 841 993 890 Sed
1018 852 1268 911 antequam
1294 842 1385 891 alio

72 934 298 982 dilabatur
335 933 479 979 oratio
509 969 522 990 ‚
560 949 678 979 neve
715 932 760 977 in
800 931 873 980 via
903 968 915 990 ‚
956 948 1079 995 quae
1134 940 1342 996 superest
1369 968 1381 992 ‚

69 1019 361 1087 longiuscula
396 1018 553 1065 hercle
574 1055 587 1076 ‚
627 1027 670 1064 et
708 1018 932 1065 senticosa
951 1054 963 1075 ,
985 1015 1175 1065 deviare
1198 1027 1386 1071 utcum-

68 1122 158 1172 que
195 1124 219 1152 a
255 1105 345 1153 fine
380 1122 462 1170 per
498 1102 782 1160 diverticula
820 1105 1084 1170 importuna
1110 1104 1380 1170 contingatg

67 1210 185 1261 quae
221 1190 282 1238 ad
323 1191 492 1243 urbem
527 1191 777 1238 Lavinium
834 1191 1071 1256 pertinent
1098 1227 1111 1249 ,
1148 1205 1387 1257 quaeque

68 1277 279 1327 dicendis
314 1276 465 1324 facem
501 1277 802 1345 praecipuam
840 1284 948 1322 sunt
1004 1274 1292 1341 praelatura,
1333 1292 1384 1321 ea

65 1365 140 1415 hic
179 1365 332 1411 onmia
370 1363 643 1428 summatim
679 1362 968 1422 convehere,
1008 1362 1192 1410 animus
1228 1372 1314 1410 est.

203 1452 384 1499 Urbem
417 1450 671 1499 Lavinium
710 1451 834 1497 inter
870 1451 1082 1516 proxima
1116 1449 1238 1497 Urbi
1299 1468 1381 1517 op-

68 1538 180 1605 pida
219 1538 274 1584 ab
310 1537 504 1586 Octavio
544 1537 843 1602 potissimum
864 1544 1241 1601 licquentatam,
1268 1537 1382 1583 scri-

68 1624 135 1670 hit
176 1623 427 1685 Suetonius
465 1623 558 1688 (r.)
600 1622 762 1670 Fuisse
798 1624 855 1670 ab
892 1624 1050 1671 Aenea
1099 1623 1340 1670 conditam
1365 1660 1380 1682 ,

69 1711 232 1757 'sumo
267 1710 550 1758 Rutulorum
586 1727 694 1776 rege
730 1712 912 1768 occiso7
952 1710 1090 1774 eique
1126 1709 1185 1756 ab
1242 1709 1381 1757 Lavi-

69 1798 148 1844 nio
177 1835 188 1855 ,
229 1798 369 1844 altera
403 1806 505 1862 post
559 1797 780 1843 Creusam
819 1813 962 1844 uxore
1018 1813 1100 1844 sua
1130 1833 1142 1855 7
1201 1796 1383 1842 Latini-

70 1901 160 1949 que
195 1884 336 1950 Regis
374 1883 497 1942 filia,
538 1884 747 1931 inditum
786 1901 956 1930 nomen
979 1921 991 1943 ‚
1030 1901 1189 1932 rerum
1232 1900 1383 1930 roma«

72 1987 236 2016 narum
274 1969 531 2036 Scriptores
571 1971 784 2018 unanimi
822 1970 917 2017 fere
955 1973 1250 2018 consensione
1291 1980 1384 2016 tra-

76 2056 312 2104 diderunt.
369 2057 593 2116 Quamvis
632 2066 786 2104 autem
835 2057 1087 2103 Lavi-nium
1145 2056 1203 2102 ab
1250 2055 1383 2102 Urbe

77 2143 303 2190 Laurente
338 2151 439 2190 tum
473 2144 686 2202 Plinius‚
726 2163 832 2192 cum
867 2144 1033 2192 Strabo
1070 2161 1164 2190 non
1188 2143 1381 2190 obscure

179 2334 243 2387 ἷι)
266 2335 314 2376 In
341 2337 489 2380 octav.
523 2341 568 2380 C.
594 2341 763 2381 LXXII.

1169 2271 1185 2275 ,-
1195 2267 1357 2276 --ψ---μ--ν

1216 2407 1244 2455 3
