1643 2812
1342 330 1374 384 ³5

199 432 491 499 Quamquam
513 469 524 489 ‚
566 436 620 477 ut
657 430 853 477 indubia
892 431 1103 478 universa
1143 449 1196 478 ac
1217 432 1375 496 singu-

65 521 109 569 la
148 537 327 588 quoque
382 526 527 564 essent
551 556 562 576 ,
617 535 734 582 quae
771 517 858 563 sub
895 517 1128 582 alphabeti
1165 519 1372 574 nomine,

66 607 288 672 tituloque
324 622 407 670 pro
424 612 607 652 etrusco
646 604 867 650 idiomate
891 604 994 650 iure
1017 613 1260 667 poscerent
1286 605 1376 651 viri

70 695 222 752 docti,
283 701 334 738 ut
383 691 618 758 quidquid
661 700 898 737 etruscum
945 699 1009 737 est
1035 727 1047 750 ‚
1100 690 1281 757 legere,
1307 700 1373 737 ata

66 798 149 846 que
181 778 336 825 efferre
355 778 576 824 inoffenso
596 776 781 834 liceret3
806 794 898 823 non
936 776 1113 824 idcirco
1135 779 1375 842 profligata

66 865 306 921 continuo,
357 863 668 929 expeditaque
718 864 949 911 censenda
1002 864 1178 927 reliqua
1216 864 1372 910 omnia

64 952 224 999 forent.
266 949 432 1014 Neque
470 952 596 997 enim
636 951 683 997 in
711 950 972 1009 Hebraico,
1012 948 1263 1014 Syriacove
1283 967 1373 995 ser-

61 1050 191 1085 mone
235 1036 447 1100 expedita
484 1038 691 1101 profecto
739 1036 807 1084 illi
844 1037 999 1082 omnia
1037 1053 1330 1083 censeremus
1356 1072 1373 1097 ‚

61 1125 139 1190 qui
176 1123 415 1189 utriusque
452 1125 645 1191 ignarus
675 1163 686 1183 ,
727 1141 778 1170 ea
818 1123 1125 1169 nihilominus
1164 1140 1282 1188 quae
1306 1121 1373 1168 al-

57 1210 274 1256 terutrius
290 1221 394 1257 sunt
415 1248 427 1270 ‚
470 1212 633 1257 nostris
670 1218 851 1257 exarata
878 1209 1220 1256 characteribus
1239 1226 1371 1273 prae-

57 1297 313 1343 sentissime
349 1296 560 1364 legeret,
603 1307 648 1344 et
688 1316 797 1344 vero
833 1297 1019 1343 efferret
1055 1297 1195 1342 etiam
1235 1313 1377 1344 venu-

59 1383 254 1430 stissime
275 1402 287 1442 3
310 1385 396 1430 nisi
431 1385 469 1429 si
504 1385 803 1430 tantumdem
844 1403 868 1430 a
895 1385 1018 1450 gazis
1040 1421 1052 1443 ,
1097 1386 1376 1449 psyttacisve

58 1471 277 1535 praestari
311 1488 442 1535 posse
483 1471 702 1518 vehmus.
745 1471 855 1518 Uno
877 1471 1057 1519 verbo:
1100 1472 1271 1519 frustra
1299 1489 1376 1519 su-

59 1575 159 1604 mus
195 1560 239 1603 in
265 1557 449 1624 linguae
486 1560 652 1617 unius,
696 1567 773 1606 aut
811 1559 1004 1605 alterius
1026 1558 1251 1624 syHabss,
1293 1577 1378 1607 vo—

59 1642 265 1709 culisque
299 1643 584 1692 blateraudis
607 1684 619 1705 ,
660 1646 750 1692 nisi
776 1663 896 1711 quae
936 1646 1108 1710 cuique
1142 1647 1268 1692 notio
1289 1684 1300 1704 ,
1324 1663 1377 1693 ac

58 1731 126 1778 vis
166 1732 223 1776 sit
257 1731 499 1779 tribuenda
523 1771 535 1791 ⁷
578 1742 682 1779 ante
731 1734 790 1780 sit
828 1734 1154 1779 constitutum.
1199 1732 1252 1779 In
1293 1732 1376 1779 de-

59 1820 254 1865 mortuis
289 1836 427 1876 vero⁷
482 1820 760 1886 abolitisque
799 1819 1040 1866 idiomatis
1085 1819 1171 1865 hoc
1215 1837 1331 1885 opus
1359 1858 1373 1880 7

61 1904 142 1950 iste
178 1903 324 1951 labor.
365 1905 470 1963 Quo
509 1908 556 1953 in
593 1907 757 1953 itinere
781 1945 792 1966 ‚
835 1916 886 1951 ut
926 1906 1291 1952 acommunibus
1315 1906 1377 1953 ad

62 1981 241 2054 propria
278 1989 531 2040 descendat
568 1995 714 2040 oratio
739 2031 750 2052 ,
812 2011 905 2040 non
945 2011 1093 2039 unam
1133 1992 1376 2039 eamdem-

64 2093 152 2140 que
209 2077 361 2124 iniisse.
413 2081 538 2127 viam
601 2081 722 2128 viros
775 2081 874 2127 sine
928 2081 1234 2127 controversia
1289 2080 1376 2125 slo-

66 2162 285 2209 ctissimos
319 2164 473 2213 video.

197 2248 404 2307 Quidam
426 2290 438 2311 ,
479 2253 606 2300 nulla
625 2272 785 2302 rerum
809 2293 821 2314 ‚
862 2263 1224 2320 temporumque
1252 2253 1376 2299 facta

70 2331 354 2382 distinctione
383 2373 395 2395 ‚
450 2337 576 2387 illico
612 2358 694 2387 nos
731 2342 791 2390 ad
831 2340 1074 2388 orientales
1129 2339 1287 2405 plagas
1323 2357 1373 2384 a-

70 2420 287 2468 mandant
308 2460 319 2479 ,
361 2421 470 2469 inde
505 2425 657 2473 lucem
695 2429 920 2492 petituros
945 2464 957 2485 ‚
997 2444 1090 2493 qua
1126 2427 1174 2471 in
1204 2426 1374 2490 deper-

69 2503 263 2554 ditarum
295 2515 482 2573 patrum
521 2522 783 2561 nostrorum
843 2514 1111 2578 linguarum
1168 2511 1374 2559 tenebris
