1643 2812
244 213 359 263 ''11²ss

396 310 458 357 Et
496 309 586 358 hoc
621 311 722 356 fieri
756 309 982 375 potuisse,
1005 307 1312 355 libentissime
1333 310 1571 370 assentior,

259 415 353 463 quo
390 414 498 443 casu
532 396 669 463 longe
703 395 925 442 remotior
961 394 1189 441 constabit
1223 394 1436 443 Tabulae
1459 397 1581 442 anti-

259 485 426 549 quitas,
469 481 567 529 Sed
604 500 713 529 cum
735 480 871 547 plura
898 481 1088 547 utrique
1111 479 1310 529 dialecto
1335 483 1430 529 sint
1453 499 1580 530 com-

258 569 418 617 munia
439 606 451 627 ,
490 569 763 633 Lucanique
799 566 985 615 dudum
1019 575 1276 615 memorata
1312 577 1418 615 ante
1454 577 1579 616 tem-

256 672 372 720 pora
409 656 453 726 in
492 672 743 702 romanam
779 654 1087 702 concesserint
1110 652 1340 702 ditionem
1367 673 1379 713 3
1420 654 1581 721 paullo

254 758 376 808 vero.
401 740 600 787 similius
627 739 817 790 videtur
839 778 852 800 ,
880 739 994 787 haec
1019 739 1077 786 ab
1102 741 1303 788 romanis
1326 742 1481 807 potius
1506 759 1580 788 ac·-

247 828 429 892 cepisse
467 827 697 873 Lucanos,
738 827 847 888 Quo
873 843 968 873 uno
992 825 1208 893 exemplo
1243 828 1480 875 monitum
1514 827 1581 874 le-

261 922 439 959 ctorem
466 911 591 972 volo,
613 928 692 958 me
717 912 993 960 coniecturis
1018 912 1446 980 qualibuscumque
1470 914 1583 962 meis

260 1015 529 1064 numquam
565 1015 715 1063 aequo
758 997 940 1045 diutius
975 999 1072 1045 fore
1099 1035 1113 1055 ‚
1153 1008 1206 1046 ut
1261 998 1542 1066 indulgeam
1570 1035 1585 1058 ,

253 1094 298 1133 et
334 1084 540 1150 opinioni
576 1084 726 1133 cuivis
762 1083 911 1132 nihilo
946 1083 1056 1150 plus
1091 1084 1362 1133 delaturum
1385 1122 1398 1145 ,
1441 1102 1600 1150 quan}

259 1181 539 1236 extorquere
575 1173 810 1218 rationum
845 1180 1093 1218 momenta
1129 1171 1398 1221 videantur.

392 1259 445 1305 In
485 1258 813 1307 characterum
848 1259 998 1306 forma
1034 1258 1156 1306 nihil
1206 1259 1365 1306 minus
1386 1298 1399 1319 ,
1438 1277 1578 1325 quam

253 1346 539 1413 elegantiam
567 1383 580 1405 ,
620 1346 916 1409 nitoremque
953 1346 1180 1411 requiras.
1219 1345 1442 1393 Veterem
1469 1347 1578 1394 ubi-

253 1450 345 1499 que
360 1432 699 1500 negligentiam
723 1432 1007 1496 praeferunt.
1036 1432 1192 1480 Latini
1214 1440 1370 1480 tamen
1387 1451 1569 1493 omnes,

253 1522 418 1586 paucis
445 1518 711 1567 admodum
747 1519 978 1585 exceptis,
1006 1518 1067 1566 de
1110 1519 1280 1585 quibus
1325 1518 1570 1586 sigillatim

249 1624 379 1653 nunc
408 1624 466 1653 ex
504 1606 670 1653 ordine
706 1604 962 1673 agendum.
1002 1604 1161 1670 Atque
1198 1622 1303 1652 ecce
1339 1604 1428 1653 tibi
1469 1604 1574 1652 heic

254 1702 361 1740 ante
399 1693 554 1740 omnia
589 1694 882 1761 singulorum
924 1692 1110 1739 schema
1146 1692 1431 1740 subiectum.

248 1779 384 1828 A.B.
406 1779 693 1829 C.D.E.F.
714 1779 774 1827 G.
794 1777 1078 1827 H.I.L.M.
1104 1777 1323 1826 N.O.P.
1347 1777 1409 1837 Q.
1433 1777 1567 1827 R.S.

716 1866 778 1913 T.
797 1865 860 1913 V.
879 1865 945 1913 X.
962 1866 1019 1912 Z.

382 1950 690 2001 Lucanorum
725 1955 883 2020 itaque
937 1951 1239 2019 alphabetum
1289 1952 1569 2000 universum

247 2057 399 2087 unum
436 2050 480 2087 et
514 2041 685 2107 viginti
721 2043 1002 2091 characteres
1054 2038 1377 2103 complectitur
1397 2075 1411 2097 ‚
1450 2055 1566 2103 quo-

248 2144 353 2173 rum
389 2127 716 2176 novemdecim
751 2129 925 2194 priores
962 2125 1246 2192 simplicem,
1286 2125 1566 2190 posteriores

243 2212 416 2278 reliqui
452 2211 689 2280 duplicem
723 2214 932 2263 referunt
983 2221 1274 2279 potestatem.

376 2301 537 2349 Litera
572 2303 615 2349 D
653 2303 951 2352 Lucanorum
977 2301 1166 2368 propria
1204 2316 1311 2346 cum
1330 2297 1561 2344 Volscen*
1626 2360 1628 2364 ἱ

242 2386 369 2435 >tibus
399 2426 412 2447 ,
452 2387 727 2455 Latinisque
762 2389 967 2440 videtur.
1017 2389 1366 2437 Grauten’i‘ciun
1390 2384 1437 2430 in
1457 2383 1555 2448 prim
