1643 2812
219 130 250 178 8

357 216 535 264 Verum
572 216 660 263 alia
699 216 981 271 hicjncidit
1017 220 1157 266 etiam
1194 221 1435 287 quaestio:
1464 240 1536 271 ae«

215 321 406 369 queue,
437 323 518 350 -an
572 305 755 372 gravior
806 305 996 372 magis?
1045 325 1080 354 c‹
1097 315 1164 353 rte
1224 326 1314 355 non
1375 311 1532 357 minus

217 390 450 458 implexa:
491 391 693 439 fortassis
730 400 776 438 et
812 390 870 436 ad
900 408 1025 447 rem,
1064 393 1122 439 de
1146 411 1235 457 qua
1262 396 1529 460 quaeritur,

215 479 538 544 praesentioris
577 495 764 543 quoque
790 477 1020 523 utilitatis.
1045 478 1163 524 Eam
1182 480 1245 527 sic
1270 481 1402 529 lubet
1420 501 1531 529 con-

220 565 390 628 cipere.
435 562 669 610 sonorum
712 580 738 614 η
772 579 978 614 ακουςικη
1017 561 1230 611 adfinitas
1266 567 1285 630 (
1325 569 1399 613 cui
1434 577 1536 633 ely-

212 651 424 716 mologia
461 651 507 697 in
548 650 713 715 primis
749 650 966 697 innititur
1007 650 1027 715 )
1073 660 1235 698 notam
1272 653 1391 700 inter
1431 654 1532 700 [lia-

215 739 391 785 lectum
420 774 430 794 ‚
472 738 770 803 ignotamque
794 775 807 795 7
848 735 1007 784 duxne
1027 737 1135 782 satis
1161 745 1282 783 certa
1315 738 1375 784 ad
1395 740 1530 805 igno-

218 833 292 871 tae
344 825 443 871 vim
475 861 488 882 ,
543 824 915 887 sententiamque
953 821 1281 887 capessendam
1306 822 1330 868 ἶ)

353 910 488 976 Nego
522 946 533 966 ,
573 910 613 956 si
650 907 710 955 de
761 908 972 956 dialectis
1021 917 1212 979 agatur,
1268 928 1388 974 quae
1427 928 1535 959 cum

212 997 350 1063 longe
389 996 681 1043 diversarum
720 997 836 1040 inter
874 1012 1001 1052 sese,
1039 993 1402 1060 dissitarumque
1419 1015 1530 1064 gen-

213 1084 335 1130 tium
373 1082 463 1127 sint
493 1118 506 1139 ,
549 1089 650 1126 tum
688 1098 783 1127 non
845 1081 1057 1127 eiusdem
1098 1091 1348 1128 censentur
1396 1084 1535 1148 origi-

211 1171 317 1228 nis,
362 1177 522 1234 quales
562 1169 828 1234 germanica
865 1166 1069 1232 exempli
1106 1184 1240 1214 causa
1263 1207 1275 1227 ,
1299 1178 1345 1215 et
1379 1186 1533 1216 roma-

210 1274 269 1302 na
309 1255 556 1302 habentur.
579 1253 702 1300 Hinc
741 1270 799 1316 τίς
818 1270 1154 1319 germanorum
1178 1255 1331 1302 ealde
1365 1256 1533 1321 (quod

210 1343 282 1389 his
302 1341 487 1408 Ji·igus
525 1339 629 1405 est)
654 1338 792 1406 plane
832 1340 1090 1404 oppositam
1129 1340 1287 1388 videas
1313 1341 1438 1406 apud
1462 1340 1532 1386 la-

210 1430 330 1476 tinos
368 1426 565 1473 inditam
604 1426 863 1472 notionem.
908 1424 1050 1484 Quod
1090 1427 1126 1472 si
1169 1426 1228 1472 ad
1264 1444 1337 1474 eas
1377 1427 1528 1474 diale-

213 1525 309 1561 ctos
349 1531 407 1561 ex
445 1514 644 1560 adverso
681 1511 894 1557 trahatur
930 1512 1078 1558 oratio
1100 1549 1113 1570 ,
1147 1529 1265 1577 quae
1303 1521 1349 1559 et
1375 1513 1459 1560 diu
1483 1514 1532 1561 in

215 1618 307 1648 una
322 1599 480 1664 aliqua
498 1599 743 1645 obtinuere
765 1597 955 1664 regione
975 1634 987 1654 ‚
1027 1614 1107 1644 seu
1127 1605 1291 1663 gente3
1323 1607 1370 1645 et
1401 1616 1527 1646 com-

210 1704 360 1736 mune
400 1693 638 1752 praeterea
664 1682 906 1749 quidpiam
926 1684 1047 1729 inter
1085 1699 1177 1729 sese
1196 1684 1526 1748 praetendunt,

211 1774 310 1821 sive
348 1779 623 1838 agnatorum
661 1770 788 1828 iure,
830 1765 968 1834 quale
1004 1777 1219 1833 parentes
1257 1769 1410 1829 inter,
1452 1788 1531 1816 na-

211 1869 376 1924 tosque
400 1876 412 1914 ;
457 1857 554 1905 sive
579 1865 882 1922 cognatorum
902 1894 914 1914 ‚
957 1854 1095 1921 quale
1118 1857 1239 1903 inter
1253 1873 1433 1904 sorores
1456 1859 1528 1904 in-

209 1943 449 1994 tercedere
473 1944 741 1990 consuevit:
771 1941 909 2009 longe
927 1942 1060 1990 aliter
1078 1942 1381 1990 statuendum
1407 1960 1526 2004 esse,

211 2034 440 2089 arbitror,
482 2039 528 2077 et
563 2030 693 2085 iure,
737 2039 787 2077 ut
826 2031 956 2076 aiunt
982 2069 994 2090 ‚
1035 2031 1206 2094 optimo
1231 2065 1244 2087 ,
1284 2029 1371 2077 hoc
1409 2029 1524 2077 mihi

211 2114 574 2167 concedendum
615 2116 828 2163 arbitror.
871 2116 945 2164 An
981 2133 1071 2161 non
1095 2115 1217 2162 enirn
1244 2114 1311 2160 his
1327 2113 1384 2161 de
1408 2132 1522 2161 cau-

211 2207 270 2254 sis
307 2213 355 2251 et
379 2202 625 2249 Gallorum
653 2201 825 2251 chauci
843 2240 855 2261 ‚
883 2210 928 2250 et
955 2201 1257 2267 Hispanicum
1285 2201 1520 2261 saliente,

207 2304 256 2343 et
292 2293 520 2343 Italorum
559 2292 714 2341 caldo
739 2329 753 2354 ,
791 2298 1011 2338 natarum
1063 2289 1161 2336 iure
1198 2287 1279 2335 abs
1327 2303 1518 2335 romano
