1643 2812
1309 191 1367 234 3„-

209 279 418 326 NEIVE.
450 273 535 321 IN.
566 267 1158 337 POPLICO(1).LVVCI.
1182 220 1372 320 PRAEJ„

72 364 358 414 TEXTAM.
400 359 613 408 NEIVE.
655 357 913 405 SOLEAS.
961 357 1222 405 HABETO
1267 358 1366 424 (ι).

208 447 414 497 NEIVE.
457 445 624 503 QVIS.
656 463 782 492 eum.
825 444 896 492 IN
935 444 1174 492 SENAta.
1222 445 1366 510 ffIag.

74 539 237 589 adeso.
277 536 439 582 sinito.

202 619 354 679 QVEI
388 618 679 676 COMQVE.
735 615 1023 664 COMlTIA.
1085 617 1370 664 CONCILI-

0 715 7 737 '
71 707 245 757 VMVE
280 705 376 772 (3).
418 703 714 749 HABEBIT.
755 703 915 749 EVM.
965 703 1364 753 SVFRAGIVM.

68 792 279 845 FERRE.
341 789 472 837 NEI.
533 788 767 836 SINITO.
830 800 1000 837 extra.
1059 790 1364 838 ComitIVM.

68 876 315 928 DEICIEt.
361 876 714 925 Concilizmwe.

158 1066 223 1123 (1)
256 1067 427 1120 Poplice
453 1067 656 1120 primitus,
679 1080 699 1104 a
731 1066 876 1119 populo
907 1080 1054 1120 nempe
1083 1065 1206 1107 ducta
1238 1071 1361 1121 origi·

53 1141 214 1181 natione
234 1167 245 1187 ‚
279 1138 388 1192 quod
418 1138 583 1190 publice
605 1139 802 1191 posterius
833 1137 985 1177 dictum
1014 1139 1103 1178 fuit.
1146 1139 1245 1179 lude
1278 1141 1363 1180 Va-

51 1213 171 1253 lerius
201 1211 332 1250 dictus
364 1212 592 1265 Poplicola,
625 1209 735 1264 quod
767 1212 923 1264 populo
954 1212 1142 1252 studeret.

159 1284 220 1339 (2)
254 1284 389 1323 Soleis
418 1298 522 1322 uuae
551 1283 702 1337 pedum
745 1285 984 1335 tegebantur
1033 1286 1197 1338 plantae
1218 1316 1229 1337 ‚
1277 1301 1364 1327 εδει

50 1372 130 1412 que
160 1358 254 1395 viris
276 1384 288 1405 ‚
318 1355 557 1410 feminisque
588 1370 819 1396 communes
843 1385 854 1401 ,
887 1357 956 1395 sed
985 1359 1083 1397 virts
1130 1360 1238 1399 domi
1268 1369 1365 1401 tan-

51 1439 154 1469 tum.
175 1428 237 1467 Ad
253 1429 501 1483 crepidarum
524 1460 534 1480 ‚
557 1429 643 1469 sive
674 1428 942 1468 sandaliorum
965 1444 1090 1483 genus
1111 1432 1355 1473 referuntur.

49 1503 270 1543 Publicum
280 1505 456 1542 virorum
467 1502 787 1541 calceamentum
807 1512 892 1540 erat
906 1504 1062 1542 calceus
1074 1506 1177 1558 nigri
1194 1506 1355 1557 coloris,

50 1591 132 1630 quo
160 1590 251 1628 pars
282 1576 401 1613 etiam
432 1573 579 1628 pedum
611 1576 792 1628 superior
824 1573 871 1612 ad
905 1574 1080 1616 mednum
1106 1592 1230 1631 usque
1263 1593 1353 1617 crus

49 1648 261 1700 tegebatur
285 1676 295 1695 ‚
325 1646 393 1686 sed
414 1659 538 1686 cavus
560 1655 693 1684 tamen
711 1675 722 1692 ,
755 1645 992 1699 claususque
1012 1677 1022 1695 ,
1047 1663 1127 1701 quo
1152 1664 1174 1688 a
1193 1651 1360 1689 cothur-

49 1733 102 1756 no
133 1719 317 1757 distabat.
353 1717 505 1756 Caleeo
534 1718 698 1757 malleus
729 1731 802 1770 per
832 1720 966 1757 omnia
996 1720 1164 1769 similis,
1189 1736 1270 1760 uno
1292 1737 1362 1761 co-

50 1790 134 1829 lore
163 1789 366 1829 dissimilis
384 1820 394 1835 ,
427 1790 666 1828 Senatorum
689 1792 885 1842 propriuS.
905 1790 1046 1829 Adesis
1076 1793 1223 1833 octav.
1259 1794 1364 1834 Fer-

52 1876 129 1901 ων.
166 1861 216 1900 de
249 1860 308 1899 Re
337 1862 508 1901 Vestiar.
540 1860 725 1899 Analeet.
770 1862 871 1914 Cap.
905 1861 1076 1903 XXXII.
1112 1865 1261 1905 Soleae
1291 1866 1368 1905 for.

51 1947 158 1972 mam
192 1932 328 1973 videre
359 1936 487 1972 estin
527 1932 780 1973 Eumachiae
824 1943 951 1972 statua
997 1949 1128 1987 nuper
1170 1937 1366 1991 Pompeis

53 2014 234 2058 reperta.

169 2075 234 2131 (3)
265 2076 310 2115 In
343 2077 518 2118 Comitio
549 2092 640 2117 cum
673 2077 828 2132 populo
857 2080 1072 2127 universo,
1094 2082 1132 2119 in
1167 2082 1356 2124 Concilio

56 2162 147 2187 cum
183 2148 324 2201 populi
347 2159 461 2203 parte
494 2153 577 2203 agit
606 2152 637 2188 is
659 2179 670 2200 ‚
693 2152 758 2190 cui
778 2150 920 2203 agendi
942 2152 999 2189 ius
1022 2161 1097 2190 est.
1124 2153 1220 2192 Vid.
1245 2156 1356 2197 Gell.

50 2219 104 2260 L.
134 2219 226 2259 XV.
258 2221 308 2261 C.
339 2221 516 2273 XXVI3
547 2237 630 2276 quo
661 2222 791 2260 Laelii
823 2223 976 2261 Felicis
1023 2222 1158 2263 locum
1197 2226 1357 2277 refert,

55 2291 125 2330 ubi
160 2290 382 2332 Consilium
411 2308 486 2347 pro
519 2294 708 2334 Concilio
730 2294 865 2346 legere
884 2303 955 2335 est.
981 2296 1060 2334 Sed
1082 2302 1230 2338 rectius
1252 2300 1361 2340 Con-

5 2371 9 2375 '
58 2365 191 2404 cilium
223 2365 345 2404 scribi
377 2366 495 2406 docet
526 2367 685 2406 Tabula
705 2367 967 2422 Oppidensis.
