<?xml version="1.0" encoding="UTF-8"?>
<!DOCTYPE html PUBLIC "-//W3C//DTD XHTML 1.0 Transitional//EN"
    "http://www.w3.org/TR/xhtml1/DTD/xhtml1-transitional.dtd">
<html xmlns="http://www.w3.org/1999/xhtml" xml:lang="en" lang="en">
 <head>
  <title>
</title>
<meta http-equiv="Content-Type" content="text/html;charset=utf-8" />
  <meta name='ocr-system' content='tesseract 3.04.00' />
  <meta name='ocr-capabilities' content='ocr_page ocr_carea ocr_par ocr_line ocrx_word'/>
</head>
<body>
  <div class='ocr_page' id='page_1' title='image "./inveterummonumen00guar/inveterummonumen00guar_0143.png"; bbox 0 0 1643 2812; ppageno 0'>
   <div class='ocr_carea' id='block_1_1' title="bbox 50 201 1390 1315">
    <p class='ocr_par' dir='ltr' id='par_1_1' title="bbox 61 201 1386 884">
     <span class='ocr_line' id='line_1_1' title="bbox 1274 201 1361 269; baseline 0.034 -22"><span class='ocrx_word' id='word_1_1' title='bbox 1274 201 1361 269; x_wconf 81' lang='lat'>137</span> 
     </span>
     <span class='ocr_line' id='line_1_2' title="bbox 62 282 1376 348; baseline -0.004 -5"><span class='ocrx_word' id='word_1_2' title='bbox 62 294 190 343; x_wconf 84' lang='lat' dir='ltr'>unde</span> <span class='ocrx_word' id='word_1_3' title='bbox 226 293 438 341; x_wconf 75' lang='lat' dir='ltr'>Bantini</span> <span class='ocrx_word' id='word_1_4' title='bbox 469 283 657 340; x_wconf 60' lang='lat' dir='ltr'>saltas</span> <span class='ocrx_word' id='word_1_5' title='bbox 686 285 744 333; x_wconf 82' lang='lat' dir='ltr'>ab</span> <span class='ocrx_word' id='word_1_6' title='bbox 792 282 990 334; x_wconf 83' lang='lat' dir='ltr'>Horatio</span> <span class='ocrx_word' id='word_1_7' title='bbox 1036 286 1256 337; x_wconf 84' lang='lat' dir='ltr'>celebrati</span> <span class='ocrx_word' id='word_1_8' title='bbox 1277 327 1288 348; x_wconf 61' lang='lat' dir='ltr'><em>v</em></span> <span class='ocrx_word' id='word_1_9' title='bbox 1330 302 1376 338; x_wconf 85' lang='lat' dir='ltr'>et</span> 
     </span>
     <span class='ocr_line' id='line_1_3' title="bbox 62 371 1377 445; baseline -0.005 -14"><span class='ocrx_word' id='word_1_10' title='bbox 62 383 274 431; x_wconf 76' lang='lat' dir='ltr'>Bantim&#39;</span> <span class='ocrx_word' id='word_1_11' title='bbox 300 375 473 445; x_wconf 77' lang='lat' dir='ltr'>populi</span> <span class='ocrx_word' id='word_1_12' title='bbox 530 371 660 439; x_wconf 83' lang='lat' dir='ltr'>apud</span> <span class='ocrx_word' id='word_1_13' title='bbox 694 372 924 419; x_wconf 84' lang='lat' dir='ltr'>Plinium.</span> <span class='ocrx_word' id='word_1_14' title='bbox 964 373 1113 438; x_wconf 82' lang='lat' dir='ltr'><strong>Atqui</strong></span> <span class='ocrx_word' id='word_1_15' title='bbox 1150 393 1253 424; x_wconf 86' lang='lat' dir='ltr'>ecce</span> <span class='ocrx_word' id='word_1_16' title='bbox 1288 377 1377 424; x_wconf 80' lang='lat' dir='ltr'>tibi</span> 
     </span>
     <span class='ocr_line' id='line_1_4' title="bbox 61 459 1380 527; baseline -0.005 -10"><span class='ocrx_word' id='word_1_17' title='bbox 61 469 186 518; x_wconf 86' lang='lat' dir='ltr'>hanc</span> <span class='ocrx_word' id='word_1_18' title='bbox 212 467 260 514; x_wconf 89' lang='lat' dir='ltr'>in</span> <span class='ocrx_word' id='word_1_19' title='bbox 294 479 393 526; x_wconf 82' lang='lat' dir='ltr'>rem</span> <span class='ocrx_word' id='word_1_20' title='bbox 429 462 661 526; x_wconf 85' lang='lat' dir='ltr'>ipsissima</span> <span class='ocrx_word' id='word_1_21' title='bbox 697 459 915 506; x_wconf 81' lang='lat' dir='ltr'>Tabulae</span> <span class='ocrx_word' id='word_1_22' title='bbox 952 460 1121 509; x_wconf 78' lang='lat' dir='ltr'>verba:</span> <span class='ocrx_word' id='word_1_23' title='bbox 1156 461 1380 527; x_wconf 69' lang='lat' dir='ltr'>Praesit-</span> 
     </span>
     <span class='ocr_line' id='line_1_5' title="bbox 64 547 1380 619; baseline 0.002 -23"><span class='ocrx_word' id='word_1_24' title='bbox 64 575 170 606; x_wconf 79' lang='lat' dir='ltr'>cus.</span> <span class='ocrx_word' id='word_1_25' title='bbox 205 551 322 619; x_wconf 88' lang='lat' dir='ltr'>pod.</span> <span class='ocrx_word' id='word_1_26' title='bbox 358 561 490 617; x_wconf 76' lang='lat' dir='ltr'>post.</span> <span class='ocrx_word' id='word_1_27' title='bbox 531 566 689 598; x_wconf 79' lang='lat' dir='ltr'>exae.</span> <span class='ocrx_word' id='word_1_28' title='bbox 714 549 940 596; x_wconf 77' lang='lat' dir='ltr'>Bansae.</span> <span class='ocrx_word' id='word_1_29' title='bbox 952 547 1103 616; x_wconf 78' lang='lat' dir='ltr'>fust:</span> <span class='ocrx_word' id='word_1_30' title='bbox 1133 567 1249 616; x_wconf 85' lang='lat' dir='ltr'>quae</span> <span class='ocrx_word' id='word_1_31' title='bbox 1274 570 1380 617; x_wconf 79' lang='lat' dir='ltr'>pro-</span> 
     </span>
     <span class='ocr_line' id='line_1_6' title="bbox 66 637 1384 705; baseline -0.003 -12"><span class='ocrx_word' id='word_1_32' title='bbox 66 641 219 693; x_wconf 82' lang='lat' dir='ltr'>babile</span> <span class='ocrx_word' id='word_1_33' title='bbox 249 639 331 699; x_wconf 75' lang='lat' dir='ltr'>fit,</span> <span class='ocrx_word' id='word_1_34' title='bbox 371 639 437 686; x_wconf 87' lang='lat' dir='ltr'>sic</span> <span class='ocrx_word' id='word_1_35' title='bbox 463 639 585 687; x_wconf 81' lang='lat' dir='ltr'>verti</span> <span class='ocrx_word' id='word_1_36' title='bbox 619 653 790 702; x_wconf 83' lang='lat' dir='ltr'>posse:</span> <span class='ocrx_word' id='word_1_37' title='bbox 826 637 1125 703; x_wconf 76' lang='lat' dir='ltr'><em>praefectus</em></span> <span class='ocrx_word' id='word_1_38' title='bbox 1164 639 1384 705; x_wconf 73' lang='lat' dir='ltr'>posthac</span> 
     </span>
     <span class='ocr_line' id='line_1_7' title="bbox 70 723 1386 800; baseline -0.005 -24"><span class='ocrx_word' id='word_1_39' title='bbox 70 734 154 800; x_wconf 79' lang='lat' dir='ltr'>qui</span> <span class='ocrx_word' id='word_1_40' title='bbox 187 728 395 775; x_wconf 73' lang='lat' dir='ltr'>Bansae</span> <span class='ocrx_word' id='word_1_41' title='bbox 416 725 605 794; x_wconf 77' lang='lat' dir='ltr'>ficerit.</span> <span class='ocrx_word' id='word_1_42' title='bbox 646 723 826 771; x_wconf 84' lang='lat' dir='ltr'>Bansae</span> <span class='ocrx_word' id='word_1_43' title='bbox 861 724 1000 771; x_wconf 86' lang='lat' dir='ltr'>huius</span> <span class='ocrx_word' id='word_1_44' title='bbox 1034 727 1200 790; x_wconf 86' lang='lat' dir='ltr'>procul</span> <span class='ocrx_word' id='word_1_45' title='bbox 1236 726 1386 774; x_wconf 80' lang='lat' dir='ltr'>dubio</span> 
     </span>
     <span class='ocr_line' id='line_1_8' title="bbox 68 811 891 884; baseline -0.007 -21"><span class='ocrx_word' id='word_1_46' title='bbox 68 813 240 884; x_wconf 77' lang='lat' dir='ltr'>gentile</span> <span class='ocrx_word' id='word_1_47' title='bbox 277 812 434 862; x_wconf 82' lang='lat' dir='ltr'>existit</span> <span class='ocrx_word' id='word_1_48' title='bbox 459 849 473 872; x_wconf 59' lang='lat'><em>7</em></span> <span class='ocrx_word' id='word_1_49' title='bbox 513 811 645 878; x_wconf 86' lang='lat' dir='ltr'>quod</span> <span class='ocrx_word' id='word_1_50' title='bbox 681 811 891 877; x_wconf 88' lang='lat' dir='ltr'>sequitur</span> 
     </span>
    </p>

    <p class='ocr_par' dir='ltr' id='par_1_2' title="bbox 50 896 1390 1315">
     <span class='ocr_line' id='line_1_9' title="bbox 203 896 1388 966; baseline 0.003 -21"><span class='ocrx_word' id='word_1_51' title='bbox 203 896 491 947; x_wconf 81' lang='lat' dir='ltr'><strong>BANTINS</strong></span> <span class='ocrx_word' id='word_1_52' title='bbox 508 898 586 966; x_wconf 85' lang='lat'>(1)</span> <span class='ocrx_word' id='word_1_53' title='bbox 619 915 632 946; x_wconf 77' lang='grc' dir='ltr'><strong><em>τ</em></strong></span> <span class='ocrx_word' id='word_1_54' title='bbox 673 898 796 945; x_wconf 84' lang='lat' dir='ltr'>idest</span> <span class='ocrx_word' id='word_1_55' title='bbox 830 899 1103 946; x_wconf 78' lang='lat' dir='ltr'>Bantinus.</span> <span class='ocrx_word' id='word_1_56' title='bbox 1134 896 1239 946; x_wconf 90' lang='lat' dir='ltr'>Nec</span> <span class='ocrx_word' id='word_1_57' title='bbox 1262 917 1287 946; x_wconf 84' lang='lat' dir='ltr'>a</span> <span class='ocrx_word' id='word_1_58' title='bbox 1313 917 1388 949; x_wconf 79' lang='lat' dir='ltr'>ve-</span> 
     </span>
     <span class='ocr_line' id='line_1_10' title="bbox 68 984 1390 1051; baseline 0 -16"><span class='ocrx_word' id='word_1_59' title='bbox 68 1003 119 1035; x_wconf 81' lang='lat' dir='ltr'>ro</span> <span class='ocrx_word' id='word_1_60' title='bbox 156 984 344 1034; x_wconf 83' lang='lat' dir='ltr'>abludit</span> <span class='ocrx_word' id='word_1_61' title='bbox 362 1024 376 1045; x_wconf 57' lang='lat'>7</span> <span class='ocrx_word' id='word_1_62' title='bbox 407 985 540 1033; x_wconf 62' lang='lat' dir='ltr'>olim⁴</span> <span class='ocrx_word' id='word_1_63' title='bbox 563 984 688 1051; x_wconf 81' lang='lat' dir='ltr'>apud</span> <span class='ocrx_word' id='word_1_64' title='bbox 704 984 917 1032; x_wconf 86' lang='lat' dir='ltr'>Lucanos</span> <span class='ocrx_word' id='word_1_65' title='bbox 936 1020 949 1042; x_wconf 85' lang='lat'>,</span> <span class='ocrx_word' id='word_1_66' title='bbox 978 985 1199 1036; x_wconf 79' lang='lat' dir='ltr'>Bantins</span> <span class='ocrx_word' id='word_1_67' title='bbox 1232 986 1284 1033; x_wconf 88' lang='lat' dir='ltr'>in</span> <span class='ocrx_word' id='word_1_68' title='bbox 1320 991 1390 1035; x_wconf 83' lang='lat' dir='ltr'>in-</span> 
     </span>
     <span class='ocr_line' id='line_1_11' title="bbox 50 1071 1387 1139; baseline -0.001 -16"><span class='ocrx_word' id='word_1_69' title='bbox 50 1083 143 1124; x_wconf 64' lang='lat' dir='ltr'>,tos</span> <span class='ocrx_word' id='word_1_70' title='bbox 170 1112 185 1136; x_wconf 79' lang='lat'>.,</span> <span class='ocrx_word' id='word_1_71' title='bbox 223 1073 286 1121; x_wconf 82' lang='lat' dir='ltr'>acl</span> <span class='ocrx_word' id='word_1_72' title='bbox 320 1072 516 1120; x_wconf 79' lang='lat' dir='ltr'>modum</span> <span class='ocrx_word' id='word_1_73' title='bbox 550 1072 739 1139; x_wconf 78' lang='lat' dir='ltr'>quintae</span> <span class='ocrx_word' id='word_1_74' title='bbox 773 1071 1137 1139; x_wconf 81' lang='lat' dir='ltr'>imparisillabae</span> <span class='ocrx_word' id='word_1_75' title='bbox 1184 1074 1387 1121; x_wconf 79' lang='lat' dir='ltr'>Graeco-</span> 
     </span>
     <span class='ocr_line' id='line_1_12' title="bbox 69 1158 1384 1222; baseline -0.002 -13"><span class='ocrx_word' id='word_1_76' title='bbox 69 1178 177 1209; x_wconf 84' lang='lat' dir='ltr'>rum</span> <span class='ocrx_word' id='word_1_77' title='bbox 202 1199 217 1222; x_wconf 80' lang='lat'>‚</span> <span class='ocrx_word' id='word_1_78' title='bbox 258 1161 425 1208; x_wconf 86' lang='lat' dir='ltr'>exisse.</span> <span class='ocrx_word' id='word_1_79' title='bbox 471 1158 624 1206; x_wconf 89' lang='lat' dir='ltr'>Locus</span> <span class='ocrx_word' id='word_1_80' title='bbox 660 1159 850 1206; x_wconf 81' lang='lat' dir='ltr'>interim</span> <span class='ocrx_word' id='word_1_81' title='bbox 885 1158 1072 1206; x_wconf 86' lang='lat' dir='ltr'>tabulae</span> <span class='ocrx_word' id='word_1_82' title='bbox 1108 1167 1208 1206; x_wconf 83' lang='lat' dir='ltr'>est:</span> <span class='ocrx_word' id='word_1_83' title='bbox 1248 1177 1384 1208; x_wconf 75' lang='lat' dir='ltr'>cens.</span> 
     </span>
     <span class='ocr_line' id='line_1_13' title="bbox 67 1245 1380 1315; baseline -0.005 -17"><span class='ocrx_word' id='word_1_84' title='bbox 67 1247 284 1298; x_wconf 79' lang='lat' dir='ltr'>banllns.</span> <span class='ocrx_word' id='word_1_85' title='bbox 307 1245 447 1315; x_wconf 77' lang='lat' dir='ltr'>sust.</span> <span class='ocrx_word' id='word_1_86' title='bbox 487 1246 742 1295; x_wconf 82' lang='lat' dir='ltr'>Fortasse:</span> <span class='ocrx_word' id='word_1_87' title='bbox 782 1263 877 1294; x_wconf 81' lang='lat' dir='ltr'>eeu</span> <span class='ocrx_word' id='word_1_88' title='bbox 922 1245 1179 1295; x_wconf 79' lang='lat' dir='ltr'>Bantinus</span> <span class='ocrx_word' id='word_1_89' title='bbox 1195 1245 1380 1314; x_wconf 71' lang='lat' dir='ltr'>suerit.</span> 
     </span>
    </p>
   </div>
   <div class='ocr_carea' id='block_1_2' title="bbox 689 1406 772 1479">
    <p class='ocr_par' dir='ltr' id='par_1_3' title="bbox 689 1406 772 1479">
     <span class='ocr_line' id='line_1_14' title="bbox 689 1406 772 1479; baseline 0 0"><span class='ocrx_word' id='word_1_90' title='bbox 689 1406 772 1479; x_wconf 89' lang='lat' dir='ltr'>C.</span> 
     </span>
    </p>
   </div>
   <div class='ocr_carea' id='block_1_3' title="bbox 81 1577 1403 2147">
    <p class='ocr_par' dir='ltr' id='par_1_4' title="bbox 81 1577 1397 1887">
     <span class='ocr_line' id='line_1_15' title="bbox 215 1577 1396 1645; baseline -0.003 -16"><span class='ocrx_word' id='word_1_91' title='bbox 215 1577 444 1629; x_wconf 86' lang='lat' dir='ltr'>GADEIS</span> <span class='ocrx_word' id='word_1_92' title='bbox 484 1577 579 1645; x_wconf 84' lang='lat'><strong>(2).</strong></span> <span class='ocrx_word' id='word_1_93' title='bbox 620 1577 811 1638; x_wconf 78' lang='lat' dir='ltr'>Dandi,</span> <span class='ocrx_word' id='word_1_94' title='bbox 852 1578 1197 1644; x_wconf 84' lang='lat' dir='ltr'>auferendique</span> <span class='ocrx_word' id='word_1_95' title='bbox 1233 1596 1396 1628; x_wconf 80' lang='lat' dir='ltr'>casum</span> 
     </span>
     <span class='ocr_line' id='line_1_16' title="bbox 81 1665 1397 1733; baseline -0.002 -20"><span class='ocrx_word' id='word_1_96' title='bbox 81 1665 372 1733; x_wconf 76' lang='lat' dir='ltr'>plurativum</span> <span class='ocrx_word' id='word_1_97' title='bbox 409 1674 578 1730; x_wconf 86' lang='lat' dir='ltr'>reputo</span> <span class='ocrx_word' id='word_1_98' title='bbox 613 1666 744 1713; x_wconf 81' lang='lat' dir='ltr'>vocis</span> <span class='ocrx_word' id='word_1_99' title='bbox 780 1666 933 1723; x_wconf 80' lang='lat' dir='ltr'>cadi,</span> <span class='ocrx_word' id='word_1_100' title='bbox 973 1665 1104 1731; x_wconf 86' lang='lat' dir='ltr'>quod</span> <span class='ocrx_word' id='word_1_101' title='bbox 1141 1683 1227 1715; x_wconf 75' lang='lat' dir='ltr'>vas</span> <span class='ocrx_word' id='word_1_102' title='bbox 1251 1666 1397 1712; x_wconf 83' lang='lat' dir='ltr'>inter-</span> 
     </span>
     <span class='ocr_line' id='line_1_17' title="bbox 81 1750 1391 1817; baseline 0.001 -19"><span class='ocrx_word' id='word_1_103' title='bbox 81 1761 265 1817; x_wconf 79' lang='lat' dir='ltr'>pretor:</span> <span class='ocrx_word' id='word_1_104' title='bbox 306 1752 371 1800; x_wconf 76' lang='lat' dir='ltr'>sic</span> <span class='ocrx_word' id='word_1_105' title='bbox 411 1752 537 1800; x_wconf 87' lang='lat' dir='ltr'>enim</span> <span class='ocrx_word' id='word_1_106' title='bbox 570 1750 765 1798; x_wconf 81' lang='lat' dir='ltr'>suadere</span> <span class='ocrx_word' id='word_1_107' title='bbox 801 1751 992 1800; x_wconf 80' lang='lat' dir='ltr'>videtur</span> <span class='ocrx_word' id='word_1_108' title='bbox 1024 1750 1153 1799; x_wconf 88' lang='lat' dir='ltr'>locus</span> <span class='ocrx_word' id='word_1_109' title='bbox 1190 1751 1391 1799; x_wconf 87' lang='lat' dir='ltr'>tabulae.</span> 
     </span>
     <span class='ocr_line' id='line_1_18' title="bbox 81 1837 730 1887; baseline -0.003 -2"><span class='ocrx_word' id='word_1_110' title='bbox 81 1837 284 1886; x_wconf 85' lang='lat' dir='ltr'>Consule</span> <span class='ocrx_word' id='word_1_111' title='bbox 319 1855 485 1887; x_wconf 87' lang='lat' dir='ltr'>vocem</span> <span class='ocrx_word' id='word_1_112' title='bbox 522 1838 730 1886; x_wconf 81' lang='lat' dir='ltr'>amnud.</span> 
     </span>
    </p>

    <p class='ocr_par' dir='ltr' id='par_1_5' title="bbox 85 1922 1403 2147">
     <span class='ocr_line' id='line_1_19' title="bbox 219 1922 1399 1992; baseline -0.001 -20"><span class='ocrx_word' id='word_1_113' title='bbox 219 1922 491 1972; x_wconf 83' lang='lat' dir='ltr'><strong>CARNEIS</strong></span> <span class='ocrx_word' id='word_1_114' title='bbox 530 1923 631 1992; x_wconf 85' lang='lat'><strong>(3).</strong></span> <span class='ocrx_word' id='word_1_115' title='bbox 672 1923 857 1987; x_wconf 87' lang='lat' dir='ltr'>Nempe</span> <span class='ocrx_word' id='word_1_116' title='bbox 904 1940 1122 1982; x_wconf 53' lang='lat' dir='ltr'>earnem</span> <span class='ocrx_word' id='word_1_117' title='bbox 1163 1926 1228 1972; x_wconf 87' lang='lat' dir='ltr'>sic</span> <span class='ocrx_word' id='word_1_118' title='bbox 1277 1925 1399 1971; x_wconf 89' lang='lat' dir='ltr'>enim</span> 
     </span>
     <span class='ocr_line' id='line_1_20' title="bbox 88 2009 1403 2077; baseline -0.001 -19"><span class='ocrx_word' id='word_1_119' title='bbox 88 2011 429 2059; x_wconf 74' lang='lat' dir='ltr'>terminabatur</span> <span class='ocrx_word' id='word_1_120' title='bbox 455 2010 572 2058; x_wconf 89' lang='lat' dir='ltr'>olim</span> <span class='ocrx_word' id='word_1_121' title='bbox 599 2012 780 2076; x_wconf 86' lang='lat' dir='ltr'>primus</span> <span class='ocrx_word' id='word_1_122' title='bbox 797 2047 810 2064; x_wconf 78' lang='grc'>.,</span> <span class='ocrx_word' id='word_1_123' title='bbox 839 2018 1128 2077; x_wconf 82' lang='lat' dir='ltr'>quartusque</span> <span class='ocrx_word' id='word_1_124' title='bbox 1148 2028 1276 2058; x_wconf 86' lang='lat' dir='ltr'>casus</span> <span class='ocrx_word' id='word_1_125' title='bbox 1293 2009 1403 2077; x_wconf 83' lang='lat' dir='ltr'>plu—</span> 
     </span>
     <span class='ocr_line' id='line_1_21' title="bbox 85 2095 837 2147; baseline -0.003 -4"><span class='ocrx_word' id='word_1_126' title='bbox 85 2097 261 2147; x_wconf 86' lang='lat' dir='ltr'>rativus</span> <span class='ocrx_word' id='word_1_127' title='bbox 295 2097 459 2144; x_wconf 82' lang='lat' dir='ltr'>ter&#39;tiae</span> <span class='ocrx_word' id='word_1_128' title='bbox 494 2095 837 2143; x_wconf 85' lang='lat' dir='ltr'>declinationis.</span> 
     </span>
    </p>
   </div>
   <div class='ocr_carea' id='block_1_4' title="bbox 224 2180 1159 2250">
    <p class='ocr_par' dir='ltr' id='par_1_6' title="bbox 224 2180 1159 2250">
     <span class='ocr_line' id='line_1_22' title="bbox 224 2180 1159 2250; baseline 0.001 -21"><span class='ocrx_word' id='word_1_129' title='bbox 224 2183 342 2230; x_wconf 88' lang='lat' dir='ltr'>CAS</span> <span class='ocrx_word' id='word_1_130' title='bbox 380 2181 474 2250; x_wconf 74' lang='grc'>(4).</span> <span class='ocrx_word' id='word_1_131' title='bbox 514 2180 718 2230; x_wconf 87' lang='lat' dir='ltr'>Consule</span> <span class='ocrx_word' id='word_1_132' title='bbox 753 2199 916 2229; x_wconf 83' lang='lat' dir='ltr'>vocem</span> <span class='ocrx_word' id='word_1_133' title='bbox 951 2183 1159 2231; x_wconf 77' lang='lat' dir='ltr'>amnud.</span> 
     </span>
    </p>
   </div>
   <div class='ocr_carea' id='block_1_5' title="bbox 199 2369 1374 2429">
    <p class='ocr_par' dir='ltr' id='par_1_7' title="bbox 199 2369 1374 2429">
     <span class='ocr_line' id='line_1_23' title="bbox 199 2369 1374 2429; baseline -0.003 -17"><span class='ocrx_word' id='word_1_134' title='bbox 199 2372 267 2428; x_wconf 86' lang='lat'>(1)</span> <span class='ocrx_word' id='word_1_135' title='bbox 298 2373 388 2417; x_wconf 72' lang='lat' dir='ltr'>Lin,</span> <span class='ocrx_word' id='word_1_136' title='bbox 427 2387 490 2429; x_wconf 76' lang='lat'>19,</span> <span class='ocrx_word' id='word_1_137' title='bbox 522 2373 584 2429; x_wconf 79' lang='lat'>(2)</span> <span class='ocrx_word' id='word_1_138' title='bbox 615 2373 710 2417; x_wconf 77' lang='lat' dir='ltr'>Lin.</span> <span class='ocrx_word' id='word_1_139' title='bbox 741 2372 783 2415; x_wconf 87' lang='lat'>6.</span> <span class='ocrx_word' id='word_1_140' title='bbox 821 2371 879 2428; x_wconf 80' lang='lat'>(3)</span> <span class='ocrx_word' id='word_1_141' title='bbox 911 2371 1005 2417; x_wconf 76' lang='lat' dir='ltr'>Lin.</span> <span class='ocrx_word' id='word_1_142' title='bbox 1038 2374 1077 2415; x_wconf 83' lang='lat'>3.</span> <span class='ocrx_word' id='word_1_143' title='bbox 1111 2371 1176 2427; x_wconf 76' lang='grc'>(4)</span> <span class='ocrx_word' id='word_1_144' title='bbox 1207 2371 1299 2411; x_wconf 67' lang='lat' dir='ltr'>Lm.</span> <span class='ocrx_word' id='word_1_145' title='bbox 1333 2369 1374 2410; x_wconf 82' lang='lat'>6.</span> 
     </span>
    </p>
   </div>
  </div>
 </body>
</html>
