1643 2812
230 149 328 198 150

841 236 935 311 H.

382 409 685 460 HAFIEAT.
726 408 830 476 (1)
861 407 940 458 Sic
974 405 1230 477 legendum
1255 408 1448 457 omnino
1465 417 1556 459 sta-

241 501 334 548 tuit
369 497 579 547 Tabulae
598 497 747 564 ipsius
764 498 1043 563 archetypae
1070 497 1322 544 accuratior
1341 497 1554 558 auvosszoe.

243 587 457 636 Tertiam
493 584 780 654 singularem
816 601 1062 649 personam
1108 585 1315 650 putarim
1363 584 1558 633 subiun-

237 673 354 721 ctivi
392 672 523 719 modi
560 672 692 720 verbi
736 671 941 735 lzafieao
971 708 984 730 ,
1021 670 1154 718 cuius
1189 670 1396 720 fundum
1436 670 1558 719 mihi

242 758 406 808 videre
441 757 603 807 videor
637 758 687 806 in
723 775 782 824 τα]
799 771 979 819 αφιημι,
1019 756 1144 825 quod
1183 759 1361 825 graecis
1395 766 1466 807 est
1483 757 1559 806 di-

244 848 399 895 mitto.
440 845 585 895 Favet
609 883 626 905 .‚
663 845 757 892 nisi
792 863 842 893 re
871 882 882 902 ,
925 855 970 893 at
1006 847 1055 892 in
1092 846 1299 912 speciem
1316 854 1439 894 certe
1461 844 1562 905 ‚lo-

243 949 329 981 cus
365 931 576 980 Tabulae
600 972 611 991 ‚
653 932 738 998 qui
775 931 835 979 (le
888 933 1052 997 poenis
1089 942 1157 979 est
1179 934 1228 980 in
1251 950 1332 981 eos
1354 940 1564 980 statuen-

245 1019 323 1067 dis
342 1057 356 1079 ,
394 1019 476 1084 qui
513 1036 637 1067 sacra
673 1018 977 1085 municipalia
1008 1018 1169 1066 hostiis
1192 1035 1286 1068 non
1309 1018 1563 1087 legitimis,

248 1105 326 1155 vel
353 1105 444 1152 alio
482 1105 672 1154 fortasse
710 1105 854 1153 modo
889 1105 1115 1170 quopiam
1141 1142 1157 1165 ,
1196 1103 1446 1154 foedarint.
1478 1106 1568 1155 Est

254 1200 412 1240 autem
449 1193 555 1240 talis
585 1208 610 1241 :¹
632 1202 746 1260 post
775 1201 904 1259 post.
945 1208 1100 1239 exac.
1139 1209 1430 1241 comonono.
1480 1193 1572 1243 Ῐ-ια-

231 1278 397 1346 fleat.
439 1278 674 1327 Meddis:
717 1295 862 1343 quem
896 1278 962 1324 sic
998 1276 1220 1342 explico:
1261 1278 1444 1326 deinde
1501 1297 1571 1327 ex

238 1365 354 1415 hae
390 1369 738 1413 communitate
773 1363 1002 1430 expellat
1035 1362 1254 1410 Meddis.

394 1450 733 1518 HEREST(2)
759 1469 844 1517 pro
863 1449 1071 1508 hereri13
1094 1458 1288 1515 praeter.
1328 1451 1567 1499 subiunct.

254 1537 391 1587 verbi
428 1537 614 1598 hereo,
654 1536 714 1584 de
752 1554 846 1606 quo
883 1553 1001 1603 pene
1024 1544 1176 1584 certus
1192 1554 1298 1584 sum
1316 1537 1366 1584 in
1388 1548 1575 1586 taxan-

256 1625 313 1670 di
339 1662 353 1683 ‚
392 1641 477 1671 seu
513 1625 783 1691 irrogandi
818 1631 1093 1689 potestatem
1130 1623 1179 1669 in
1217 1621 1477 1689 Oppidensi
1506 1633 1573 1671 ta-

255 1709 371 1757 bula
407 1712 653 1776 usurpari,
693 1711 834 1757 ducta
892 1707 1113 1758 videlicet
1156 1710 1337 1778 origine
1372 1727 1460 1757 απο
1496 1727 1575 1757 του

259 1812 423 1858 mpetu,
460 1796 591 1862 quod
627 1805 695 1842 est
721 1797 914 1843 tollere.
954 1795 1134 1843 Eccum
1169 1795 1257 1844 tihi
1292 1796 1476 1846 tabulae
1504 1796 1575 1844 lo·-

259 1899 368 1929 cum
396 1918 409 1942 ‚
451 1883 538 1947 qui
561 1901 651 1930 non
667 1882 806 1930 semel
833 1882 1057 1930 recurrit:
1087 1886 1218 1932 ione.
1223 1883 1407 1952 fortis.
1430 1883 1572 1932 Med-

244 1968 356 2016 dis.
397 1969 650 2017 moltaum.
692 1969 876 2018 herest.
929 1969 1254 2037 Interpretor:
1289 1970 1429 2019 ⁴hanc·
1445 1970 1570 2037 sor-

249 2060 322 2104 ‘tis
359 2056 560 2106 Medda&
597 2057 859 2106 multatum
890 2065 1057 2105 taxet.

371 2311 440 2367 (ι)
472 2313 563 2354 ιῑῃ.
596 2311 638 2353 8.
674 2312 737 2370 (2)
767 2314 857 2355 Lin.
893 2327 958 2356 η,
